% !TEX encoding = UTF-8 Unicode
@article{daunas2024asymmetry,
  title={Asymmetry of the Relative Entropy in the Regularization of Empirical Risk Minimization},
  author={Daunas, Francisco and Esnaola, I{\~n}aki and Perlaza, Samir M and Poor, H Vincent},
  journal={arXiv preprint arXiv:2410.02833},
  year={2024}
}

@article{agrawal2021optimal,
	title        = {Optimal bounds between $f$-divergences and integral probability metrics},
	author       = {Agrawal, Rohit and Horel, Thibaut},
	year         = 2021,
	month        = {Jan.},
	journal      = {The Journal of Machine Learning Research},
	volume       = 22,
	number       = 1,
	pages        = {5662--5720}
}
@article{asadi2020chaining,
	title        = {Chaining Meets Chain Rule: {M}ultilevel Entropic Regularization and Training of Neural Networks.},
	author       = {Asadi, Amir R and Abbe, Emmanuel},
	year         = 2020,
	month        = {Jun.},
	journal      = {J. Mach. Learn. Res.},
	volume       = 21,
	number       = {},
	pages        = {139--1}
}
@article{Csiszar1975,
	title        = {$I$-Divergence Geometry of Probability Distributions and Minimization Problems},
	author       = {Csiszár, I.},
	year         = 1975,
	journal      = {The Annals of Probability},
	volume       = 3,
	number       = 1,
	pages        = {146--158}
}
@article{kullback1951sufficiency,
	title        = {Information and sufficiency},
	author       = {Kullback, Solomon and Leibler, Richard A.},
	year         = 1951,
	journal      = {Annals of Mathematical Statistics},
	volume       = 22,
	number       = 1,
	pages        = {79--86}
}
@article{masiha2023fdivergence,
	title        = {$f$-divergences and their applications in lossy compression and bounding generalization error},
	author       = {Masiha, Saeed and Gohari, Amin and Yassaee, Mohammad Hossein},
	year         = 2023,
	month        = {Apr.},
	journal      = {IEEE Transactions on Information Theory},
	volume       = 1,
	number       = 1,
	pages        = {1--24}
}
@article{nikodym1930generalisation,
	title        = {Sur une g{\'e}n{\'e}ralisation des int{\'e}grales de MJ Radon},
	author       = {Nikodym, Otton},
	year         = 1930,
	journal      = {Fundamenta Mathematicae},
	volume       = 15,
	number       = 1,
	pages        = {131--179}
}
@article{palomar2008lautum,
	title        = {Lautum information},
	author       = {Palomar, Daniel P and Verd{\'u}, Sergio},
	year         = 2008,
	month        = {Mar.},
	journal      = {IEEE Transactions on Information Theory},
	volume       = 54,
	number       = 3,
	pages        = {964--975}
}
@article{perlaza2024generalization,
	title        = {The Generalization Error of Machine Learning Algorithms},
	author       = {Perlaza, Samir M and Zou, Xinying},
	year         = 2024,
	journal      = {arXiv preprint arXiv:2411.12030}
}
@article{PerlazaTIT2024,
	title        = {Empirical Risk Minimization with Relative Entropy Regularization},
	author       = {Perlaza, Samir M. and Bisson, Gaetan and Esnaola, I{\~n}aki and Jean-Marie, Alain and Rini, Stefano},
	year         = 2024,
	month        = {Jul.},
	journal      = {IEEE Transactions on Information Theory},
	volume       = 70,
	number       = 7,
	pages        = {5122 -- 5161}
}
@article{sason2016fdivergence,
	title        = {$f$ -Divergence Inequalities},
	author       = {Sason, Igal and Verdú, Sergio},
	year         = 2016,
	month        = {Jun.},
	journal      = {IEEE Transactions on Information Theory},
	volume       = 62,
	number       = 11,
	pages        = {5973--6006}
}
@article{Shannon-1948a,
	title        = {A mathematical theory of communication},
	author       = {Shannon, C. E.},
	year         = 1948,
	month        = {Jul.},
	journal      = {The Bell System Technical Journal},
	volume       = 27,
	pages        = {379--423}
}
@article{Shannon-1948b,
	title        = {A mathematical theory of communication},
	author       = {Shannon, C. E.},
	year         = 1948,
	month        = {Oct.},
	journal      = {The Bell System Technical Journal},
	volume       = 27,
	pages        = {623--656}
}
@article{TheFolkTheorem,
	title        = {The {F}olk Theorem in Repeated Games with Discounting or with Incomplete Information},
	author       = {Drew Fudenberg and Eric Maskin},
	year         = 1986,
	journal      = {Econometrica},
	publisher    = {Wiley, Econometric Society},
	volume       = 54,
	number       = 3,
	pages        = {533--554}
}
@article{Venkat2012ointwise,
	title        = {Pointwise Relations Between Information and Estimation in Gaussian Noise},
	author       = {Venkat, Kartik and Weissman, Tsachy},
	year         = 2012,
	journal      = {IEEE Transactions on Information Theory},
	volume       = 58,
	number       = 10,
	pages        = {6264--6281}
}
@article{verdu2024relative,
	title        = {Relative information spectra with applications to statistical inference},
	author       = {Verd{\'u}, Sergio},
	year         = 2024,
	journal      = {AIMS Mathematics},
	volume       = 9,
	number       = 12,
	pages        = {35038--35090}
}
@article{yavas2023variable,
	title        = {Variable-Length Sparse Feedback Codes for Point-to-Point, Multiple Access, and Random Access Channels},
	author       = {Yavas, Recep Can and Kostina, Victoria and Effros, Michelle},
	year         = 2023,
	journal      = {IEEE Transactions on Information Theory},
	publisher    = {Ieee}
}

@article{zouJSAIT2024,
	title        = {The Worst-Case Data-Generating Probability Measure in Statistical Learning},
	author       = {Xinying Zou and Samir M. Perlaza and Iñaki Esnaola and Eitan Altman and H. Vincent Poor},
	year         = 2024,
	month        = {Apr.},
	journal      = {IEEE Journal on Selected Areas in Information Theory},
	volume       = 5,
	pages        = {175 – 189}
}
@book{anthony1992computational,
	title        = {Computational Learning Theory: An Introduction},
	author       = {Anthony, Martin and Biggs, Norman},
	year         = 1992,
	publisher    = {Cambridge University Press},
	address      = {Cambridge, UK},
	edition      = {first}
}
@book{ash2000probability,
	title        = {Probability and Measure Theory},
	author       = {Robert B. Ash and Catherine A. Doleans-Dade},
	year         = 2000,
	publisher    = {Academic Press},
	address      = {Burlington, MA, USA},
	edition      = {second}
}
@book{ash2012information,
	title        = {Information Theory},
	author       = {Ash, Robert B},
	year         = 1990,
	publisher    = {Dover Publications},
	address      = {Mineola, NY, USA},
	edition      = {first}
}
@book{axler2020measure,
	title        = {Measure, Integration \& Real Analysis},
	author       = {Axler, Sheldon},
	year         = 2020,
	publisher    = {Springer},
	address      = {New York, NY, USA},
	edition      = {first}
}
@book{billingsley2012probability,
	title        = {Probability and Measure},
	author       = {Billingsley, Patrick},
	year         = 2012,
	publisher    = {John Wiley \& Sons},
	address      = {Hoboken, NJ, USA},
	edition      = {third}
}
@book{bloch2011physical,
	title        = {Physical-Layer Security: From Information Theory to Security Engineering},
	author       = {Bloch, Matthieu and Barros, João},
	year         = 2011,
	publisher    = {Cambridge University Press},
	address      = {Cambridge, UK},
	edition      = {first}
}
@book{cinlar2011probability,
	title        = {Probability and Stochastics},
	author       = {Çınlar, Erhan},
	year         = 2011,
	publisher    = {Springer},
	address      = {New York, NY, USA},
	edition      = {first}
}
@book{cover2006elements,
	title        = {Elements of Information Theory},
	author       = {Cover, Thomas M. and Thomas, Joy A.},
	year         = 2006,
	publisher    = {Wiley-Interscience},
	address      = {Hoboken, NJ},
	edition      = {second}
}
@book{csiszar2011information,
	title        = {Information Theory: Coding Theorems for Discrete Memoryless Systems},
	author       = {Csiszár, Imre and Körner, János},
	year         = 2011,
	publisher    = {Cambridge University Press},
	address      = {Cambridge, UK},
	edition      = {first}
}
@book{durrett2019probability,
	title        = {Probability: Theory and Examples},
	author       = {Durrett, Rick},
	year         = 2019,
	publisher    = {Cambridge University Press},
	address      = {Cambridge, UK},
	edition      = {fifth}
}
@book{elgamal2011network,
	title        = {Network Information Theory},
	author       = {El Gamal, Abbas and Kim, Young-Han},
	year         = 2011,
	publisher    = {Cambridge University Press},
	address      = {Cambridge, UK},
	edition      = {first}
}
@book{fano1961transmission,
	title        = {Transmission of Information: A Statistical Theory of Communications},
	author       = {Fano, Robert M},
	year         = 1961,
	publisher    = {MIT Press},
	address      = {Cambridge, MA, USA},
	edition      = {first}
}
@book{feinstein1958foundations,
	title        = {Foundations of Information Theory},
	author       = {Feinstein, Amiel},
	year         = 1958,
	publisher    = {McGraw-Hill},
	address      = {New York, NY, USA},
	edition      = {first}
}
@book{fudenberg1991game,
	title        = {Game Theory},
	author       = {Fudenberg, Drew},
	year         = 1991,
	publisher    = {MIT Press},
	address      = {Cambridge, MA, USA},
	edition      = {first}
}
@book{gallager1968information,
	title        = {Information Theory and Reliable Communication},
	author       = {Gallager, Robert G},
	year         = 1968,
	publisher    = {Wiley},
	address      = {New York, NY, USA},
	edition      = {first}
}
@book{halmos1950measure,
	title        = {Measure Theory},
	author       = {Halmos, Paul R},
	year         = 1950,
	publisher    = {Van Nostrand},
	address      = {Princeton, NJ, USA},
	edition      = {first}
}
@book{han2003information,
	title        = {Information-Spectrum Methods in Information Theory},
	author       = {Han, Te Sun},
	year         = 2003,
	publisher    = {Springer},
	address      = {Berlin, Germany},
	edition      = {first}
}
@book{kapur1989maximum,
	title        = {Maximum-Entropy Models in Science and Engineering},
	author       = {Kapur, J.N.},
	year         = 1989,
	publisher    = {John Wiley \& Sons},
	address      = {New York, NY, USA},
	edition      = {first}
}
@book{kullback1959information,
	title        = {Information Theory and Statistics},
	author       = {Kullback, Solomon},
	year         = 1959,
	publisher    = {John Wiley \& Sons, Inc.},
	address      = {New York, NY, USA},
	edition      = {first}
}
@book{lehmann2005testing,
	title        = {Testing Statistical Hypotheses},
	author       = {Lehmann, Erich Leo and Romano, Joseph P and Casella, George},
	year         = 2005,
	publisher    = {Springer},
	address      = {New York, NY, USA},
	edition      = {third}
}
@book{mceliece2002theory,
	title        = {The Theory of Information and Coding},
	author       = {McEliece, Robert J},
	year         = 2002,
	publisher    = {Cambridge University Press},
	address      = {Cambridge, UK},
	edition      = {first}
}
@book{mezard2009information,
	title        = {Information, Physics, and Computation},
	author       = {Mezard, Marc and Montanari, Andrea},
	year         = 2009,
	publisher    = {Oxford University Press},
	address      = {Oxford, UK},
	edition      = {first}
}
@book{pinsker1964information,
	title        = {Information and Information Stability of Random Variables and Processes},
	author       = {Pinsker, M.S.},
	year         = 1964,
	publisher    = {Holden-Day},
	address      = {San Francisco, CA, USA},
	edition      = {first}
}
@book{polyanskiy2023information,
	title        = {Information Theory},
	author       = {Polyanskiy, Yury and Wu, Yihong},
	year         = 2023,
	publisher    = {Cambridge University Press},
	address      = {Cambridge, UK},
	edition      = {first}
}
@book{polyanskiy2024information,
	title        = {Information Theory: From Coding to Learning},
	author       = {Polyanskiy, Yury and Wu, Yihong},
	year         = 2024,
	publisher    = {Cambridge University Press},
	address      = {Cambridge, UK},
	edition      = {first}
}
@book{radon1913theorie,
	title        = {Theorie und Anwendungen der absolut additiven Mengenfunktionen},
	author       = {Radon, Johann},
	year         = 1913,
	publisher    = {Hölder},
	address      = {Vienna, Austria},
	edition      = {first}
}
@book{royden2010real,
	title        = {Real Analysis},
	author       = {Royden, Halsey Lawrence and Fitzpatrick, Patrick M},
	year         = 2010,
	publisher    = {China Machine Press},
	address      = {Beijing, PRC},
	edition      = {fourth}
}
@book{wolfowitz1964coding,
	title        = {Coding Theorems of Information Theory},
	author       = {Wolfowitz, Jacob},
	year         = 1964,
	publisher    = {Springer},
	address      = {Berlin, Germany},
	edition      = {first}
}
@book{yeung2008information,
	title        = {Information Theory and Network Coding},
	author       = {Yeung, Raymond W},
	year         = 2008,
	publisher    = {Springer},
	address      = {New York, NY, USA},
	edition      = {first}
}
@phdthesis{rodriguezgalvez2024information,
	title        = {An Information-Theoretic Approach to Generalization Theory},
	author       = {Rodr{\'i}guez-G{\'a}lvez, Borja and Thobaben, Ragnar and Skoglund, Mikael},
	year         = 2024,
	school       = {KTH Royal Institute of Technology}
}
