% !TEX encoding = UTF-8 Unicode
@article{agrawal2021optimal,
	title		= {Optimal bounds between $f$-divergences and integral probability metrics},
 	author		= {Agrawal, Rohit and Horel, Thibaut},
	year		= {2021},
	month 		= {Jan.},
	journal		= {The Journal of Machine Learning Research},
	volume 		= {22},
	number		= {1},
	pages		= {5662--5720}
}
@article{alquier2016properties,
	title        = {On the properties of variational approximations of {G}ibbs posteriors},
	author       = {Alquier, Pierre and Ridgway, James and Chopin, Nicolas},
	year         = 2016,
	month        = {Dec.},
	journal      = {Journal of Machine Learning Research},
	volume       = 17,
	number       = 1,
	pages        = {8374--8414}
}
@article{aminian2021exact,
	title        = {An Exact Characterization of the Generalization Error for the {G}ibbs Algorithm},
	author       = {Aminian, Gholamali and Bu, Yuheng and Toni, Laura and Rodrigues, Miguel  and Wornell, Gregory},
	year         = 2021,
	month        = {Dec.},
	journal      = {Advances in Neural Information Processing Systems},
	volume       = 34,
	pages        = {8106--8118}
}
@article{aminian2022information,
	title        = {Information-theoretic Characterizations of Generalization Error for the {G}ibbs Algorithm},
	author       = {Gholamali Aminian and Yuheng Bu and Laura Toni and Miguel R. D. Rodrigues and Gregory W. Wornell},
	year         = 2022,
	month        = {Oct.},
	journal      = {\normalfont{arXiv preprint arXiv:2210.09864}},
	volume       = {},
	number       = {},
	pages        = {}
}
@article{Anton-SIAM-2002,
	title        = {The Sample Average Approximation Method for Stochastic Discrete Optimization},
	author       = {Kleywegt, Anton J. and Shapiro, Alexander and Homem-de-Mello, Tito},
	year         = 2002,
	month        = {Feb.},
	journal      = {SIAM Journal on Optimization (SIOPT)},
	volume       = 12,
	number       = 2,
	pages        = {479--502}
}
@article{arora2010performance,
	title        = {Performance comparison of {SVM} and {ANN} for handwritten {D}evanagari character recognition},
	author       = {Arora, Sandhya and Bhattacharjee, Debotosh and Nasipuri, Mita and Malik, Latesh and Kundu, Mohantapash and Basu, Dipak Kumar},
	year         = 2010,
	month        = {Jun.},
	journal      = {\normalfont{arXiv preprint arXiv:1006.5902}},
	volume       = {},
	number       = {},
	pages        = {}
}
@inproceedings{alquier2021non,
	title        = {Non-exponentially weighted aggregation: regret bounds for unbounded loss functions},
	author       = {Alquier, Pierre},
	year         = 2021,
	month        = {Jul.},
	booktitle    = {Proceedings of the 38th International Conference on Machine Learning (ICML)},
	volume       = 139,
	number       = {},
	pages        = {207--218}
}
@inproceedings{arpit2017Memorization,
	title        = {A Closer Look at Memorization in Deep Networks},
	author       = {Devansh Arpit and Stanis{\l}aw Jastrz{\k{e}}bski and Nicolas Ballas and David Krueger and Emmanuel Bengio and Maxinder S. Kanwal and Tegan Maharaj and Asja Fischer and Aaron Courville and Yoshua Bengio and Simon Lacoste-Julien},
	year         = 2017,
	month        = {Aug.},
	booktitle    = {Proceedings of the 34th International Conference on Machine Learning (ICML)},
	volume       = 70,
	number       = {},
	pages        = {233--242}
}
@article{asadi2018chaining,
	title        = {Chaining mutual information and tightening generalization bounds},
	author       = {Asadi, Amir and Abbe, Emmanuel and Verd{\'u}, Sergio},
	year         = 2018,
	month        = {Dec.},
	journal      = {Advances in Neural Information Processing Systems},
	volume       = {},
	number       = {},
	pages        = {7245--7254}
}
@article{asadi2020chaining,
	title        = {Chaining Meets Chain Rule: {M}ultilevel Entropic Regularization and Training of Neural Networks.},
	author       = {Asadi, Amir R and Abbe, Emmanuel},
	year         = 2020,
	month        = {Jun.},
	journal      = {J. Mach. Learn. Res.},
	volume       = 21,
	number       = {},
	pages        = {139--1}
}
@article{bachoc2017gaussian,
	title        = {A {G}aussian process regression model for distribution inputs},
	author       = {Bachoc, Fran{\c{c}}ois and Gamboa, Fabrice and Loubes, Jean-Michel and Venet, Nil},
	year         = 2017,
	month        = {Jan.},
	journal      = {IEEE Transactions on Information Theory},
	volume       = 64,
	number       = 10,
	pages        = {6620--6637}
}
@article{barreno2010security,
	title        = {The security of machine learning},
	author       = {Barreno, Marco and Nelson, Blaine and Joseph, Anthony D and Tygar, J Doug},
	year         = 2010,
	month        = {May},
	journal      = {Machine Learning},
	volume       = 81,
	number       = 2,
	pages        = {121--148}
}
@article{bartlett1998sample,
	title        = {The sample complexity of pattern classification with neural networks: the size of the weights is more important than the size of the network},
	author       = {Bartlett, Peter L},
	year         = 1998,
	month        = {Mar.},
	journal      = {IEEE Transactions on Information Theory},
	volume       = 44,
	number       = 2,
	pages        = {525--536}
}
@article{beck2003mirror,
	title        = {Mirror descent and nonlinear projected subgradient methods for convex optimization},
	author       = {Beck, Amir and Teboulle, Marc},
	year         = 2003,
	month        = {Jan.},
	journal      = {Operations Research Letters},
	volume       = 31,
	number       = 3,
	pages        = {167--175}
}
@article{biggio2012poisoning,
	title        = {Poisoning attacks against support vector machines},
	author       = {Biggio, Battista and Nelson, Blaine and Laskov, Pavel},
	year         = 2012,
	month        = {Jun.},
	journal      = {\normalfont{arXiv preprint arXiv:1206.6389}},
	volume       = {},
	number       = {},
	pages        = {}
}
@article{bissiri2013species,
	title        = {Species sampling models: consistency for the number of species},
	author       = {Bissiri, PG and Ongaro, A and Walker, SG},
	year         = 2013,
	month        = {Sep.},
	journal      = {Biometrika},
	volume       = 100,
	number       = 3,
	pages        = {771--777}
}
@article{blumer1989learnability,
	title        = {Learnability and the {V}apnik-{C}hervonenkis dimension},
	author       = {Blumer, Anselm and Ehrenfeucht, Andrzej and Haussler, David and Warmuth, Manfred K},
	year         = 1989,
	month        = {Oct.},
	journal      = {Journal of the ACM},
	volume       = 36,
	number       = 4,
	pages        = {929--965}
}
@article{bm-rcmce-93,
	title        = {Rates of convergence for minimum contrast estimators},
	author       = {L. Birge and P. Massart},
	year         = 1993,
	month        = {Mar.},
	journal      = {Probability Theory and Related Fields},
	volume       = 97,
	number       = 1,
	pages        = {113--150}
}
@article{bottou2018optimization,
	title        = {Optimization methods for large-scale machine learning},
	author       = {Bottou, L{\'e}on and Curtis, Frank E and Nocedal, Jorge},
	year         = 2018,
	month        = {May},
	journal      = {SIAM Review},
	volume       = 60,
	number       = 2,
	pages        = {223--311}
}
@article{bousquet2002stability,
	title        = {Stability and generalization},
	author       = {Bousquet, Olivier and Elisseeff, Andr{\'e}},
	year         = 2002,
	month        = {Mar.},
	journal      = {The Journal of Machine Learning Research},
	volume       = 2,
	number       = 1,
	pages        = {499--526}
}
@article{bu2020tightening,
	title        = {Tightening mutual information-based bounds on generalization error},
	author       = {Bu, Yuheng and Zou, Shaofeng and Veeravalli, Venugopal V},
	year         = 2020,
	month        = {Jan.},
	journal      = {IEEE Journal on Selected Areas in Information Theory},
	volume       = 1,
	number       = 1,
	pages        = {121--130}
}
@article{csiszar1967information,
	title		= {Information-type measures of difference of probability distributions and indirect observation},
	author		= {Csisz{\'a}r, Imre},
	year		= 1967,
	month       = {Jun.},
	journal		= {Studia Scientiarum Mathematicarum Hungarica},
	volume		= {2},
	number		= {1},
	pages		= {299--318}
}
@article{chaudhari2019entropy,
	title        = {Entropy-{SGD}: Biasing gradient descent into wide valleys},
	author       = {Chaudhari, Pratik and Choromanska, Anna and Soatto, Stefano and LeCun, Yann and Baldassi, Carlo and Borgs, Christian and Chayes, Jennifer and Sagun, Levent and Zecchina, Riccardo},
	year         = 2019,
	month        = {Dec.},
	journal      = {Journal of Statistical Mechanics: Theory and Experiment},
	volume       = 2019,
	number       = 12,
	pages        = 124018
}
@article{chaudhuri2011differentially,
	title        = {Differentially private empirical risk minimization},
	author       = {Chaudhuri, Kamalika and Monteleoni, Claire and Sarwate, Anand D},
	year         = 2011,
	month        = {Mar},
	journal      = {Journal of Machine Learning Research},
	volume       = 12,
	number       = 3,
	pages        = {1069--1109}
}
@article{cherkassky1999model,
	title        = {Model complexity control for regression using {VC} generalization bounds},
	author       = {Cherkassky, Vladimir and Shao, Xuhui and Mulier, Filip M and Vapnik, Vladimir N},
	year         = 1999,
	month        = {Sep.},
	journal      = {IEEE Transactions on Neural Networks},
	volume       = 10,
	number       = 5,
	pages        = {1075--1089}
}
@article{chernozhukov2003mcmc,
	title        = {An {MCMC} approach to classical estimation},
	author       = {Chernozhukov, Victor and Hong, Han},
	year         = 2003,
	month        = {Aug.},
	journal      = {Journal of Econometrics},
	volume       = 115,
	number       = 2,
	pages        = {293--346}
}
@article{cortes1995support,
	title        = {Support vector machine},
	author       = {Cortes, Corinna and Vapnik, Vladimir},
	year         = 1995,
	month        = {Sep.},
	journal      = {Machine Learning},
	volume       = 20,
	number       = 3,
	pages        = {273--297}
}
@article{cover1967nearest,
	title        = {Nearest neighbor pattern classification},
	author       = {Cover, Thomas and Hart, Peter},
	year         = 1967,
	month        = {Jan.},
	journal      = {IEEE Transactions on Information Theory},
	volume       = 13,
	number       = 1,
	pages        = {21--27}
}
@article{cullina2018pac,
	title        = {{PAC}-learning in the presence of adversaries},
	author       = {Cullina, Daniel and Bhagoji, Arjun Nitin and Mittal, Prateek},
	year         = 2018,
	month        = {Dec.},
	journal      = {Advances in Neural Information Processing Systems},
	volume       = 31,
	number       = 1,
	pages        = {1--12}
}
@article{curtiss1918recent,
	title        = {Recent extensions of Descartes' rule of signs},
	author       = {Curtiss, DR},
	year         = 1918,
	month        = {Jun.},
	journal      = {Annals of Mathematics},
	volume       = 19,
	number       = 4,
	pages        = {251--278}
}
@article{cuturi2013sinkhorn,
	title        = {Sinkhorn distances: Lightspeed computation of optimal transport},
	author       = {Cuturi, Marco},
	year         = 2013,
	month        = {Dec.},
	journal      = {Advances in Neural Information Processing Systems},
	volume       = 26,
	number       = 1,
	pages        = {2292--2300}
}
@article{deng2012mnist,
	title        = {The mnist database of handwritten digit images for machine learning research},
	author       = {Deng, Li},
	year         = 2012,
	month        = {Oct.},
	journal      = {IEEE Signal Processing Magazine},
	volume       = 29,
	number       = 6,
	pages        = {141--142}
}
@article{dietterich1998approximate,
	title        = {Approximate statistical tests for comparing supervised classification learning algorithms},
	author       = {Dietterich, Thomas G},
	year         = 1998,
	month        = {Sep.},
	journal      = {Neural computation},
	volume       = 10,
	number       = 7,
	pages        = {1895--1923}
}
@article{domingos1997optimality,
	title        = {On the optimality of the simple Bayesian classifier under zero-one loss},
	author       = {Domingos, Pedro and Pazzani, Michael},
	year         = 1997,
	month        = {Nov.},
	journal      = {Machine Learning},
	volume       = 29,
	number       = 1,
	pages        = {103--130}
}
@article{dziugaite2018entropy,
	title        = {Entropy-SGD optimizes the prior of a {PAC-B}ayes bound: Data-dependent {PAC-B}ayes priors via differential privacy},
	author       = {Dziugaite, Gintare Karolina and Roy, Daniel M},
	year         = 2018,
	month        = {May},
	booktitle    = {Proceedings of the International Conference on Machine Learning (ICML)},
	pages        = {1377--1386}
}
@article{esposito2021generalization,
	title        = {Generalization error bounds via {R}{\'e}nyi-, $f$-divergences and maximal leakage},
	author       = {Esposito, Amedeo Roberto and Gastpar, Michael and Issa, Ibrahim},
	year         = 2021,
	month        = {May},
	journal      = {IEEE Transactions on Information Theory},
	volume       = 67,
	number       = 8,
	pages        = {4986--5004}
}
@article{feng2013geometric,
	title        = {Geometric mean of nonnegative random variable},
	author       = {Feng, Changyong and Wang, Hongyue and Tu, Xin M},
	year         = 2013,
	month        = {Aug.},
	journal      = {Communications in Statistics-Theory and Methods},
	volume       = 42,
	number       = 15,
	pages        = {2714--2717}
}
@article{fisher1922mathematical,
	title        = {On the mathematical foundations of theoretical statistics},
	author       = {Fisher, Ronald A},
	year         = 1922,
	month        = {Jan.},
	journal      = {Philosophical Transactions of the Royal Society of London. Series A, containing papers of a mathematical or physical character},
	volume       = 222,
	number       = {594-604},
	pages        = {309--368}
}
@article{fisher1925theory,
	title        = {Theory of statistical estimation},
	author       = {Fisher, Ronald Aylmer},
	year         = 1925,
	month        = {Nov.},
	booktitle    = {Mathematical Proceedings of the Cambridge Philosophical Society},
	volume       = 22,
	number       = 5,
	pages        = {700--725},
	organization = {Cambridge University Press}
}
@article{flanders2001ford,
	title        = {From Ford to Faa},
	author       = {Flanders, Harley},
	year         = 2001,
	month        = {Jun.},
	journal      = {The American Mathematical Monthly},
	volume       = 108,
	number       = 6,
	pages        = {559--561}
}
@article{flowers2019evaluating,
	title        = {Evaluating adversarial evasion attacks in the context of wireless communications},
	author       = {Flowers, Bryse and Buehrer, R Michael and Headley, William C},
	year         = 2019,
	month        = {Aug.},
	journal      = {IEEE Transactions on Information Forensics and Security},
	volume       = 15,
	number       = 1,
	pages        = {1102--1113}
}
@article{friedman1989regularized,
	title        = {Regularized discriminant analysis},
	author       = {Friedman, Jerome H},
	year         = 1989,
	month        = {Mar.},
	journal      = {Journal of the American Statistical Association},
	volume       = 84,
	number       = 405,
	pages        = {165--175}
}
@article{futami2023informationtheoretic,
	title        = {Information-theoretic Analysis of Test Data Sensitivity in Uncertainty},
	author       = {Futoshi Futami and Tomoharu Iwata},
	year         = 2023,
	month        = {Jul.},
	journal      = {\normalfont{arXiv preprint arXiv:2307.12456}},
	volume       = {},
	number       = {},
	pages        = {}
}
@article{geman1984stochastic,
	title        = {Stochastic relaxation, {G}ibbs distributions, and the {B}ayesian restoration of images},
	author       = {Geman, Stuart and Geman, Donald},
	year         = 1984,
	month        = {Nov.},
	journal      = {IEEE Transactions on pattern analysis and machine intelligence},
	volume       = 11,
	number       = 6,
	pages        = {721--741}
}
@article{gordon1995evaluation,
	title        = {Evaluation and selection of biases in machine learning},
	author       = {Gordon, Diana F and Desjardins, Marie},
	year         = 1995,
	month        = {Jul.},
	journal      = {Machine Learning},
	volume       = 20,
	number       = 1,
	pages        = {5--22}
}
@article{guedj2019free,
	title        = {Still no free lunches: {T}he price to pay for tighter {PAC-Bayes} bounds},
	author       = {Benjamin Guedj and Louis Pujol},
	year         = 2021,
	month        = {Nov.},
	journal      = {Entropy},
	volume       = 23,
	number       = 11,
	article-number = 1529,
	issuetitle   = {Approximate {B}ayesian Inference}
}
@article{guyon1991structural,
	title        = {Structural risk minimization for character recognition},
	author       = {Guyon, Isabelle and Vapnik, Vladimir and Boser, Bernhard and Bottou, Leon and Solla, Sara A},
	year         = 1991,
	month        = {Dec.},
	journal      = {Advances in Neural Information Processing Systems},
	volume       = 4,
	number       = {}
}
@article{haddouche2020pacbayes,
	title        = {{PAC-Bayes} unleashed: {G}eneralisation bounds with unbounded losses},
	author       = {Maxime Haddouche and Benjamin Guedj and Omar Rivasplata and John Shawe-Taylor},
	year         = 2021,
	month        = {Oct.},
	journal      = {Entropy},
	volume       = 23,
	number       = 10,
	pages        = {1--20},
	article-number = 1330,
	issuetititle = {Aproximate {B}ayesian Inference}
}
@article{hafez2020conditioning,
	title        = {Conditioning and processing: {T}echniques to improve information-theoretic generalization bounds},
	author       = {Hafez-Kolahi, Hassan and Golgooni, Zeinab and Kasaei, Shohreh and Soleymani, Mahdieh},
	year         = 2020,
	month        = {Dec.},
	journal      = {Advances in Neural Information Processing Systems},
	address      = {virtual conference},
	pages        = {16457--16467}
}
@article{haghifam2020sharpened,
	title        = {Sharpened generalization bounds based on conditional mutual information and an application to noisy, iterative algorithms},
	author       = {Haghifam, Mahdi and Negrea, Jeffrey and Khisti, Ashish and Roy, Daniel M and Dziugaite, Gintare Karolina},
	year         = 2018,
	month        = {Dec.},
	journal      = {Advances in Neural Information Processing Systems},
	address      = {Montr\'{e}al, Canada},
	pages        = {9925--9935}
}
@article{hastings1970monte,
	title        = {Monte Carlo sampling methods using {M}arkov chains and their applications},
	author       = {Hastings, W Keith},
	year         = 1970,
	month        = {May},
	journal      = {Biometrika},
	volume       = 57,
	number       = 1,
	pages        = {97--109}
}
@article{hellstrom2023generalization,
	title        = {{G}eneralization Bounds: {P}erspectives from Information Theory and {PAC}-{B}ayes},
	author       = {Fredrik Hellstr\"om and Giuseppe Durisi and Benjamin Guedj and Maxim Raginsky},
	year         = 2023,
	month        = {Sep.},
	journal      = {\normalfont{arXiv preprint arXiv:2309.04381}},
	volume       = {},
	number       = {},
	pages        = {}
}
@article{horel1962application,
	title        = {Application of ridge analysis to regression problems},
	author       = {Horel, Arthur E},
	year         = 1962,
	month        = {Jun.},
	journal      = {Chemical Engineering Progress},
	volume       = 58,
	number       = 1,
	pages        = {54--59}
}
@article{hssina2014comparative,
	title        = {A comparative study of decision tree {ID3} and {C4.5}},
	author       = {Hssina, Badr and Merbouha, Abdelkarim and Ezzikouri, Hanane and Erritali, Mohammed},
	year         = 2014,
	month        = {Feb.},
	journal      = {International Journal of Advanced Computer Science and Applications},
	volume       = 4,
	number       = 2,
	pages        = {13--19}
}
@article{huang2021stochastic,
	title        = {Stochastic Gradient {L}angevin Dynamics with Variance Reduction},
	author       = {Huang, Zhishen and Becker, Stephen},
	year         = 2021,
	month        = {Jul.},
	journal      = {\normalfont{arXiv preprint arXiv:2102.06759}},
	volume       = {},
	number       = {},
	pages        = {}
}
@article{hsu2022rashomon,
	title        = {Rashomon Capacity: A Metric for Predictive Multiplicity in Classification},
	author       = {Hsu, Hsiang and Calmon, Flavio},
	year         = 2022,
	month        = {Dec.},
	journal      = {Advances in Neural Information Processing Systems},
	volume       = {35},
	number       = {},
	pages        = {28988--29000}
	
}
@article{jaakkola1999maximum,
	title        = {Maximum entropy discrimination},
	author       = {Jaakkola, Tommi and Meila, Marina and Jebara, Tony},
	year         = 1999,
	month        = {Dec.},
	journal      = {Neural Information Processing Systems},
	volume       = 12,
	number       = {},
	pages        = {470--476}
}
@article{jaynes1957maxEntropy1,
	title        = {Information Theory and Statistical Mechanics {I}},
	author       = {Jaynes, E. T.},
	year         = 1957,
	month        = {May},
	journal      = {Physical Review Journals},
	volume       = 106,
	number       = 4,
	pages        = {620--630}
}
@article{jaynes1957maxEntropy2,
	title        = {Information Theory and Statistical Mechanics {II}},
	author       = {Jaynes, E. T.},
	year         = 1957,
	month        = {Oct.},
	journal      = {Physical Review Journals},
	volume       = 108,
	number       = 2,
	pages        = {171--190}
}
@article{jeffreys1946invariant,
	title        = {An invariant form for the prior probability in estimation problems},
	author       = {Jeffreys, Harold},
	year         = 1946,
	month        = {Sep.},
	journal      = {Proceedings of the Royal Society of London. {Series A}. Mathematical and Physical Sciences},
	volume       = 186,
	number       = 1007,
	pages        = {453--461}
}
@article{jiang2008gibbs,
	title        = {{G}ibbs posterior for variable selection in high-dimensional classification and data mining},
	author       = {Jiang, Wenxin and Tanner, Martin A},
	year         = 2008,
	month        = {Oct.},
	journal      = {Annals of Statistics},
	volume       = 36,
	number       = 5,
	pages        = {2207--2231}
}
@article{johnson2002curious,
	title        = {The curious history of Fa{\`a} di Bruno's formula},
	author       = {Johnson, Warren P},
	year         = 2002,
	month        = {Mar.},
	journal      = {The American Mathematical Monthly},
	volume       = 109,
	number       = 3,
	pages        = {217--234}
}
@article{kang2018machine,
	title        = {Machine Learning: Fundamentals},
	author       = {Kang, Myeongsu and Jameson, Noel Jordan},
	year         = 2018,
	month        = {Sep.},
	journal      = {Prognostics and Health Management of Electronics: Fundamentals, Machine Learning, and the Internet of Things},
	volume       = {},
	number       = {},
	pages        = {85--109}
}
@article{karagulyan2020penalized,
	title        = {Penalized Langevin dynamics with vanishing penalty for smooth and log-concave targets},
	author       = {Karagulyan, Avetik and Dalalyan, Arnak},
	year         = 2020,
	month        = {Dec.},
	journal      = {Advances in Neural Information Processing Systems},
	volume       = 33,
	number       = {},
	pages        = {17594--17604}
}
@article{kotsiantis2007supervised,
	title        = {Supervised machine learning: A review of classification techniques},
	author       = {Kotsiantis, Sotiris B and Zaharakis, Ioannis and Pintelas, P and others},
	year         = 2007,
	month        = {Jun.},
	journal      = {Emerging artificial intelligence applications in computer engineering},
	volume       = 160,
	number       = 1,
	pages        = {3--24}
}
@article{krzyzak1996nonparametric,
	title        = {Nonparametric estimation and classification using radial basis function nets and empirical risk minimization},
	author       = {Krzyzak, Adam and Linder, Tam{\'a}s and Lugosi, C},
	year         = 1996,
	month        = {Mar.},
	journal      = {IEEE Transactions on Neural Networks},
	volume       = 7,
	number       = 2,
	pages        = {475--487}
}
@article{kullback1951information,
	title        = {On information and sufficiency},
	author       = {Kullback, Solomon and Leibler, Richard A},
	year         = 1951,
	month        = {Mar.},
	journal      = {Annals of Mathematical Statistics},
	volume       = 22,
	number       = 1,
	pages        = {79--86}
}
@article{lehmann1993fisher,
	title        = {The Fisher, Neyman-Pearson theories of testing hypotheses: one theory or two?},
	author       = {Lehmann, Erich L},
	year         = 1993,
	month        = {Dec.},
	journal      = {Journal of the American Statistical Association},
	volume       = 88,
	number       = 424,
	pages        = {1242--1249}
}
@article{lecun1998gradient,
	title        = {Gradient-based learning applied to document recognition},
	author       = {LeCun, Yann and Bottou, L{\'e}on and Bengio, Yoshua and Haffner, Patrick},
	year         = 1998,
	month        = {Aug.},
	journal      = {Proceedings of the IEEE},
	volume       = 86,
	number       = 11,
	pages        = {2278--2324}
}
@article{li2014feature,
	title        = {Feature cross-substitution in adversarial classification},
	author       = {Li, Bo and Vorobeychik, Yevgeniy},
	year         = 2014,
	month        = {Dec.},
	journal      = {Advances in Neural Information Processing Systems},
	volume       = 27,
	number       = {},
	pages        = {2087--2095}
}
@article{lin2014accelerated,
	title        = {An accelerated proximal coordinate gradient method and its application to regularized empirical risk minimization},
	author       = {Lin, Qihang and Lu, Zhaosong and Xiao, Lin},
	year         = 2014,
	month        = {Jul.},
	journal      = {\normalfont{arXiv preprint arXiv:1407.1296}},
	volume       = {},
	number       = {},
	pages        = {}
}
@article{lowy2021fermi,
	title        = {FERMI: Fair Empirical Risk Minimization via Exponential {R}{\'e}nyi Mutual Information},
	author       = {Lowy, Andrew and Pavan, Rakesh and Baharlouei, Sina and Razaviyayn, Meisam and Beirami, Ahmad},
	year         = 2021,
	month        = {Feb.},
	journal      = {\normalfont{arXiv preprint arXiv:2102.12586}},
	volume       = {},
	number       = {},
	pages        = {}
}
@article{luenberger1964observing,
	title        = {Observing the state of a linear system},
	author       = {Luenberger, David G},
	year         = 1964,
	month        = {Apr.},
	journal      = {IEEE Transactions on Military Electronics},
	volume       = 8,
	number       = 2,
	pages        = {74--80}
}
@article{lugosi1995nonparametric,
	title        = {Nonparametric estimation via empirical risk minimization},
	author       = {Lugosi, G{\'a}bor and Zeger, Kenneth},
	year         = 1995,
	month        = {May},
	journal      = {IEEE Transactions on Information Theory},
	volume       = 41,
	number       = 3,
	pages        = {677--687}
}
@article{mahesh2020machine,
	title        = {Machine learning algorithms-a review},
	author       = {Mahesh, Batta},
	year         = 2020,
	month        = {Jan.},
	journal      = {International Journal of Science and Research (IJSR).[Internet]},
	volume       = 9,
	number       = 1,
	pages        = {381--386}
}
@article{markowich2000trend,
	title        = {On the trend to equilibrium for the Fokker-Planck equation: an interplay between physics and functional analysis},
	author       = {Markowich, Peter A and Villani, C{\'e}dric},
	year         = 2000,
	month        = {Aug.},
	journal      = {Mat. Contemp},
	volume       = 19,
	number       = 1,
	pages        = {1--29}
}
@article{martino2018recycling,
	title        = {The recycling {G}ibbs sampler for efficient learning},
	author       = {Martino, Luca and Elvira, Victor and Camps-Valls, Gustau},
	year         = 2018,
	month        = {Aug.},
	journal      = {Digital Signal Processing},
	volume       = {74},
	number       = 1,
	pages        = {1--13},
    publisher    = {Elsevier}
}
@article{masiha2023fdivergence,
	title        = {$f$-divergences and their applications in lossy compression and bounding generalization error},
	author       = {Masiha, Saeed and Gohari, Amin and Yassaee, Mohammad Hossein},
	year         = 2023,
	month        = {Apr.},
	journal      = {IEEE Transactions on Information Theory},
	volume       = 1,
	number       = 1,
	pages        = {1-24}
}
@article{mcallester2003pac,
	title        = {{PAC-B}ayesian stochastic model selection},
	author       = {McAllester, David A},
	year         = 2003,
	month        = {Apr.},
	journal      = {Machine Learning},
	volume       = 51,
	number       = 1,
	pages        = {5--21}
}
@article{mcculloch1943logical,
	title        = {A logical calculus of the ideas immanent in nervous activity},
	author       = {McCulloch, Warren S and Pitts, Walter},
	year         = 1943,
	month        = {Dec.},
	journal      = {The Bulletin of Mathematical Biophysics},
	volume       = 5,
	number       = 4,
	pages        = {115--133}
}
@article{metropolis1953equation,
	title        = {Equation of state calculations by fast computing machines},
	author       = {Metropolis, Nicholas and Rosenbluth, Arianna W and Rosenbluth, Marshall N and Teller, Augusta H and Teller, Edward},
	year         = 1953,
	month        = {Jun.},
	journal      = {The journal of chemical physics},
	volume       = 21,
	number       = 6,
	pages        = {1087--1092}
}
@article{michael2017generalized,
	title        = {Generalized Moment Generating Functions of Random Variables and Their Probability Density Functions},
	author       = {Michael, Matthew Chukwuma and Anene, Oyeka Cyprain and Akudo, Ashinze Mpuruoma and Nwabueze, Igabari John},
	year         = 2017,
	month        = {Jul.},
	journal      = {American Journal of Applied Mathematics and Statistics},
	volume       = 5,
	number       = 2,
	pages        = {49--53}
}
@article{milanovic2016chaid,
	title        = {CHAID decision tree: Methodological frame and application},
	author       = {Milanovi{\'c}, Marina and Stamenkovi{\'c}, Milan},
	year         = 2016,
	month        = {},
	journal      = {Economic Themes},
	volume       = 54,
	number       = 4,
	pages        = {563--586}
}
@article{minsky19691990,
	title        = {Perceptrons: An introduction to computational geometry},
	author       = {Minsky, ML and Papert, SA},
	year         = 1969,
	month        = {},
	journal      = {MIT Press},
	volume       = 1,
	number       = 1,
	pages        = {}
}
@article{morgan1963some,
	title        = {Some results from a non-symmetrical branching process that looks for interaction effects},
	author       = {Morgan, James N and Sonquist, John A},
	year         = 1963,
	month        = {Dec.},
	journal      = {Young},
	volume       = 8,
	number       = 5,
	pages        = {40--53}
}
@article{neyman1928biometrika,
	title        = {Biometrika Trust},
	author       = {Neyman, J and Pearson, ES},
	year         = 1928,
	month        = {Jul.},
	journal      = {Biometrika},
	volume       = 20,
	number       = {1/2},
	pages        = {175--240}
}
@article{neyman1933ix,
	title        = {IX. On the problem of the most efficient tests of statistical hypotheses},
	author       = {Neyman, Jerzy and Pearson, Egon Sharpe},
	year         = 1933,
	month        = {Feb.},
	journal      = {Philosophical Transactions of the Royal Society of London. Series A, Containing Papers of a Mathematical or Physical Character},
	volume       = 231,
	number       = {694-706},
	pages        = {289--337}
}
@article{neyman1933testing,
	title        = {The testing of statistical hypotheses in relation to probabilities a priori},
	author       = {Neyman, Jerzy and Pearson, Egon S},
	year         = 1933,
	month        = {Nov.},
	booktitle    = {Mathematical Proceedings of the Cambridge Philosophical Society},
	volume       = 29,
	number       = 4,
	pages        = {492--510}
}
@article{nguyen2007estimating,
	title        = {Estimating divergence functionals and the likelihood ratio by penalized convex risk minimization},
	author       = {Nguyen, XuanLong and Wainwright, Martin J and Jordan, Michael},
	year         = 2007,
	month        = {Dec.},
	journal      = {Advances in Neural Information Processing Systems},
	volume       = 20,
	pages        = {1089--1091}
}
@article{nock1999decision,
	title        = {Decision tree based induction of decision lists},
	author       = {Nock, Richard and Jappy, Pascal},
	year         = 1999,
	month        = {Jan.},
	journal      = {Intelligent Data Analysis},
	volume       = 3,
	number       = 3,
	pages        = {227--240}
}
@article{palomar2008lautum,
	title        = {Lautum information},
	author       = {Palomar, Daniel P and Verd{\'u}, Sergio},
	year         = 2008,
	month        = {Mar.},
	journal      = {IEEE Transactions on Information Theory},
	volume       = 54,
	number       = 3,
	pages        = {964--975}
}
@article{peyre2019computational,
	title        = {Computational optimal transport: With applications to data science},
	author       = {Peyr{\'e}, Gabriel and Cuturi, Marco and others},
	year         = 2019,
	journal      = {Foundations and Trends{\textregistered} in Machine Learning},
	volume       = 11,
	number       = {5-6},
	pages        = {355--607}
}
@article{platt1999large,
	title        = {Large margin {DAG}s for multiclass classification},
	author       = {Platt, John and Cristianini, Nello and Shawe-Taylor, John},
	year         = 1999,
	month        = {Dec.},
	journal      = {Advances in Neural Information Processing Systems},
	volume       = 12,
	number       = 1,
	pages        = {547--553}
}
@article{rigollet2012sparse,
	title        = {Sparse estimation by exponential weighting},
	author       = {Rigollet, Philippe and Tsybakov, Alexandre B},
	year         = 2012,
	month        = {Oct.},
	journal      = {Statistical Science},
	volume       = 27,
	number       = 4,
	pages        = {558--575}
}
@article{robbins1951stochastic,
	title        = {A stochastic approximation method},
	author       = {Robbins, Herbert and Monro, Sutton},
	year         = 1951,
	month        = {Sep.},
	journal      = {Annals of Mathematical Statistics},
	volume       = 22,
	number       = 3,
	pages        = {400--407}
}
@article{rodriguez2021tighter,
	title        = {Tighter expected generalization error bounds via {W}asserstein distance},
	author       = {Rodr{\'\i}guez G{\'a}lvez, Borja and Bassi, Germ{\'a}n and Thobaben, Ragnar and Skoglund, Mikael},
	year         = 2021,
	month        = {Dec.},
	journal      = {Advances in Neural Information Processing Systems},
	address      = {New Orleans, LA, USA},
	volume       = 34,
	pages        = {19109--19121}
}
@article{rosenblatt1962principles,
	title        = {Principles of Neurodynamics: {P}erceptrons and the Theory of Brain Mechanisms},
	author       = {Rosenblatt, F},
	year         = 1962,
	month        = {Jan.},
	journal      = {Springer},
	volume       = 3,
	number       = 1,
	pages        = {218--219}
}
@article{rumelhart1986learning,
	title        = {Learning representations by back-propagating errors},
	author       = {Rumelhart, David E and Hinton, Geoffrey E and Williams, Ronald J},
	year         = 1986,
	month        = {Oct.},
	journal      = {Nature},
	volume       = 323,
	number       = 6088,
	pages        = {533--536}
}
@article{russo2019much,
	title        = {How much does your data exploration overfit? {C}ontrolling bias via information usage},
	author       = {Russo, Daniel and Zou, James},
	year         = 2019,
	month        = {Jan.},
	journal      = {IEEE Transactions on Information Theory},
	volume       = 66,
	number       = 1,
	pages        = {302--323}
}
@article{samuel1959machine,
	title        = {Some Studies in Machine Learning Using the Game of Checkers},
	author       = {Samuel, Arthur L},
	year         = 1959,
	month        = {Jun.},
	journal      = {Improving the Efficiency of a Problem Solver},
	volume       = 62,
	number       = 1,
	pages        = {535--554}
}
@article{sason2016fdivergence,
	title        = {$f$ -Divergence Inequalities},
	author       = {Sason, Igal and Verdú, Sergio},
	year         = 2016,
	month        = {Jun.},
	journal      = {IEEE Transactions on Information Theory},
	volume       = 62,
	number       = 11,
	pages        = {5973--6006}
}
@article{schapire1990strength,
	title        = {The strength of weak learnability},
	author       = {Schapire, Robert E},
	year         = 1990,
	month        = {Jun.},
	journal      = {Machine Learning},
	volume       = 5,
	number       = 2,
	pages        = {197--227}
}
@article{schatz2017towards,
	title        = {Towards a more representative definition of cyber security},
	author       = {Schatz, Daniel and Bashroush, Rabih and Wall, Julie},
	year         = 2017,
	month        = {Jul.},
	journal      = {Journal of Digital Forensics, Security and Law},
	volume       = 12,
	number       = 2,
	pages        = 8
}
@article{schmidhuber2015deep,
	title        = {Deep learning in neural networks: {A}n overview},
	author       = {Schmidhuber, J{\"u}rgen},
	year         = 2015,
	month        = {Sep.},
	journal      = {Neural networks},
	volume       = 61,
	number       = 1,
	pages        = {85--117}
}
@article{shalev2012online,
	title        = {Online learning and online convex optimization},
	author       = {Shalev-Shwartz, Shai},
	year         = 2012,
	month        = {Apr.},
	journal      = {Foundations and Trends{\textregistered} in Machine Learning},
	volume       = 4,
	number       = 2,
	pages        = {107--194}
}
@article{sinha2020neural,
	title        = {Neural bridge sampling for evaluating safety-critical autonomous systems},
	author       = {Sinha, Aman and O'Kelly, Matthew and Tedrake, Russ and Duchi, John C},
	year         = 2020,
	month        = {Dec.},
	journal      = {Advances in Neural Information Processing Systems},
	volume       = 33,
	number       = 1,
	pages        = {6402--6416}
}
@article{specht1990probabilistic,
	title        = {Probabilistic neural networks},
	author       = {Specht, Donald F},
	year         = 1990,
	month        = {Jun.},
	journal      = {Neural networks},
	volume       = 3,
	number       = 1,
	pages        = {109--118}
}
@article{stefanski2002calculus,
	title        = {The Calculus of {M}-Estimation},
	author       = {Leonard A Stefanski and Dennis D Boos},
	year         = 2002,
	month        = {Feb.},
	journal      = {The American Statistician},
	volume       = 56,
	number       = 1,
	pages        = {29--38}
}
@article{szegedy2013intriguing,
	title        = {Intriguing properties of neural networks},
	author       = {Szegedy, Christian and Zaremba, Wojciech and Sutskever, Ilya and Bruna, Joan and Erhan, Dumitru and Goodfellow, Ian and Fergus, Rob},
	year         = 2013,
	month        = {Dec.},
	journal      = {\normalfont{arXiv preprint arXiv:1312.6199}},
	volume       = {},
	number       = {},
	pages        = {}
}
@article{teboulle1992entropic,
	title        = {Entropic proximal mappings with applications to nonlinear programming},
	author       = {Teboulle, Marc},
	year         = 1992,
	month        = {Aug.},
	journal      = {Mathematics of Operations Research},
	volume       = {17},
	number       = {3},
	pages        = {670--690}
}
@article{tikhonov1993solution,
	title        = {Solution of incorrectly formulated problems and the regularization method},
	author       = {Tikhonov, Andrei N},
	year         = 1963,
	month        = {Dec.},
	journal      = {Soviet Mathematics Doklady},
	volume       = {4},
	number       = {6},
	pages        = {1035--1038}
}
@article{valiant1984theory,
	title        = {A theory of the learnable},
	author       = {Valiant, Leslie G},
	year         = 1984,
	month        = {Nov.},
	journal      = {Communications of the {ACM}},
	volume       = 27,
	number       = 11,
	pages        = {1134--1142}
}
@article{vapnik1964perceptron,
	title        = {On a Perceptron Class},
	author       = {Vapnik, Vladimir and Chervonenkis, A Ya},
	year         = 1964,
	month        = {Feb.},
	journal      = {Avtomatika i Telemkhanika},
	volume       = 25,
	number       = 1,
	pages        = {112--120}
}
@article{vapnik1974theory,
	title        = {Theory of Pattern Recognition},
	author       = {Vapnik, Vladimir and Chervonenkis, Alexey},
	year         = 1974,
	month        = {Oct.},
	volume       = 1,
	number       = 1,
	pages        = {}
}
@article{vapnik1992principles,
	title        = {Principles of risk minimization for learning theory},
	author       = {Vapnik, Vladimir},
	year         = 1992,
	month        = {Jan.},
	journal      = {Advances in Neural Information Processing Systems},
	volume       = 4,
	pages        = {831--838}
}
@article{vapnik1993local,
	title        = {Local Algorithms for Pattern Recognition and Dependencies Estimation},
	author       = {Vapnik, Vladimir and Bottou, L{\'e}on},
	year         = 1993,
	month        = {Nov.},
	journal      = {Neural Computation},
	volume       = 5,
	number       = 6,
	pages        = {893--909}
}
@article{vapnik1999overview,
	title        = {An overview of statistical learning theory},
	author       = {Vapnik, Vladimir},
	year         = 1999,
	month        = {Sep.},
	journal      = {IEEE Transactions on Neural Networks},
	volume       = 10,
	number       = 5,
	pages        = {988--999}
}
@article{vapnik1999theory,
	title        = {The nature of statistical learning theory},
	author       = {Vapnik, Vladimir},
	year         = 1999,
	month        = {Sep.},
	journal      = {IEEE Transactions on Neural Networks},
	volume       = 10,
	number       = 5,
	pages        = {988--999}
}
@article{vapnik2015uniform,
	title        = {On the uniform convergence of relative frequencies of events to their probabilities},
	author       = {Vapnik, Vladimir N and Chervonenkis, A Ya},
	year         = 2015,
	month        = {Oct.},
	journal      = {Measures of Complexity: {F}estschrift for {A}lexey {C}hervonenkis},
	volume       = 16,
	number       = 2,
	pages        = {11--30}
}
@article{wang2017differentially,
	title        = {Differentially Private Empirical Risk Minimization Revisited: {F}aster and More General},
	author       = {Wang, Di and Ye, Minwei and Xu, Jinhui},
	year         = 2017,
	month        = {Dec.},
	journal      = {Advances in Neural Information Processing Systems},
	volume       = 30,
	number       = 1,
	pages        = {}
}
@article{wang2018detecting,
	title        = {Detecting Adversarial Samples for Deep Neural Networks through Mutation Testing},
	author       = {Wang, Jingyi and Sun, Jun and Zhang, Peixin and Wang, Xinyu},
	year         = 2018,
	month        = {May},
	journal      = {\normalfont{arXiv preprint arXiv:1805.05010}},
	volume       = {},
	number       = {},
	pages        = {}
}
@article{wehenkel1997machine,
	title        = {Machine learning approaches to power-system security assessment},
	author       = {Wehenkel, Louis},
	year         = 1997,
	month        = {Sep.},
	journal      = {IEEE Expert},
	volume       = 12,
	number       = 5,
	pages        = {60--72}
}
@article{wishart1928generalised,
	title        = {The generalised product moment distribution in samples from a normal multivariate population},
	author       = {Wishart, John},
	year         = 1928,
	month        = {Jul.},
	journal      = {Biometrika},
	volume       = 20A,
	number       = 1,
	pages        = {32--52},
	pages        = {32--52}
}
@article{wishart1928sampling,
	title        = {Sampling errors in the theory of two factors},
	author       = {Wishart, John},
	year         = 1928,
	month        = {Oct.},
	journal      = {British Journal of Psychology},
	volume       = 19,
	number       = 2,
	pages        = 180
}
@article{wishart1932distribution,
	title        = {The distribution of second order moment statistics in a normal system},
	author       = {Wishart, John and Bartlett, MS},
	year         = 1932,
	month        = {Nov.},
	booktitle    = {Mathematical Proceedings of the Cambridge Philosophical Society},
	volume       = 28,
	number       = 4,
	pages        = {455--459}
}
@article{xin2020decentralized,
	title        = {Decentralized stochastic optimization and machine learning: {A} unified variance-reduction framework for robust performance and fast convergence},
	author       = {Xin, Ran and Kar, Soummya and Khan, Usman A},
	year         = 2020,
	month        = {May},
	journal      = {IEEE Signal Processing Magazine},
	volume       = 37,
	number       = 3,
	pages        = {102--113}
}
@article{xu2017global,
	title        = {Global convergence of Langevin dynamics based algorithms for nonconvex optimization},
	author       = {Xu, Pan and Chen, Jinghui and Zou, Difan and Gu, Quanquan},
	year         = 2017,
	month        = {Feb.},
	journal      = {\normalfont{arXiv preprint arXiv:1707.06618}},
	volume       = {},
	number       = {},
	pages        = {}
}
@article{xu2017information,
	title        = {Information-theoretic analysis of generalization capability of learning algorithms},
	author       = {Xu, Aolin and Raginsky, Maxim},
	year         = 2017,
	month        = {Dec.},
	journal      = {Advances in Neural Information Processing Systems},
	location     = {Long Beach, CA, USA},
	volume       = 30,
	pages        = {1--10}
}
@article{yang2022estimation,
	title        = {Estimation of the Empirical Risk-return Relation: {A} Generalized-risk-in-mean Model},
	author       = {Yang, Xuanling and Li, Dong},
	year         = 2022,
	month        = {May},
	journal      = {Journal of Time Series Analysis},
	volume       = 43,
	number       = 6,
	pages        = {938--963}
}
@article{zdeborova2016statistical,
	title        = {Statistical physics of inference: {T}hresholds and algorithms},
	author       = {Zdeborov{\'a}, Lenka and Krzakala, Florent},
	year         = 2016,
	month        = {Aug.},
	journal      = {Advances in Physics},
	volume       = 65,
	number       = 5,
	pages        = {453--552}
}
@article{zhang2004statistical,
	title        = {Statistical behavior and consistency of classification methods based on convex risk minimization},
	author       = {Zhang, Tong},
	year         = 2004,
	month        = {Oct.},
	journal      = {Annals of Statistics},
	volume       = 32,
	number       = 1,
	pages        = {56--85}
}
@article{zhang2006ep,
	title        = {From $\epsilon$-entropy to {KL}-entropy: {A}nalysis of minimum information complexity density estimation},
	author       = {Zhang, Tong},
	year         = 2006,
	month        = {Oct.},
	journal      = {Annals of Statistics},
	volume       = 34,
	number       = 5,
	pages        = {2180--2210}
}
@article{zhang2006information,
	title        = {Information-theoretic upper and lower bounds for statistical estimation},
	author       = {Zhang, Tong},
	year         = 2006,
	month        = {Apr.},
	journal      = {IEEE Transactions on Information Theory},
	volume       = 52,
	number       = 4,
	pages        = {1307--1321}
}
@article{zhang2021dive,
	title        = {Dive into deep learning},
	author       = {Zhang, Aston and Lipton, Zachary C and Li, Mu and Smola, Alexander J},
	year         = 2021,
	month        = {Jun.},
	journal      = {\normalfont{arXiv preprint arXiv:2106.11342}},
	volume       = {},
	number       = {},
	pages        = {}
}
@article{zhu2009maximum,
	title        = {Maximum Entropy Discrimination {M}arkov Networks},
	author       = {Zhu, Jun and Xing, Eric P},
	year         = 2009,
	month        = {Nov.},
	journal      = {Journal of Machine Learning Research},
	volume       = 10,
	number       = 11,
	pages        = {2531--2569}
}
@article{zou2009generalization,
	title        = {The Generalization Performance of {ERM} algorithm with Strongly Mixing Observations},
	author       = {Zou, Bin and Li, Luoqing and Xu, Zongben},
	year         = 2009,
	month        = {Feb.},
	journal      = {Machine Learning},
	volume       = 75,
	number       = 3,
	pages        = {275--295}
}
@book{apostol1973mathematical,
  	title 		 = {Mathematical Analysis},
  	author 		 = {Apostol, T.M.},
  	year	 		 = {1973},
  	publisher    = {Addison-Wesley},
  	address      = {Pasadena, CA, USA},
  	edition      = {second}
}
@book{anthony1999neural,
	title        = {Neural Network Learning: {T}heoretical Foundations},
	author       = {Anthony, Martin and Bartlett, Peter L and Bartlett, Peter L and others},
	year         = 1999,
	publisher    = {Cambridge University Press},
	address      = {Cambridge, UK},
	edition      = {first}
}
@book{jordan1893cours,
	title        = {Cours de d'Analyse de l' {\'E}cole Polytechnique, Par M. C. Jordan},
	author       = {Jordan, Camille},
	year         = {1893},
	publisher    = {Gauthier-Villars and sons},
	address      = {Paris, France},
	volume		 = {1},
	edition      = {tenth}
}
@book{ash2000probability,
	title        = {Probability and Measure Theory},
	author       = {Robert B. Ash and Catherine A. Doleans-Dade},
	year         = 2000,
	publisher    = {Academic Press},
	address      = {Burlington, MA, USA},
	edition      = {second}
}
@book{bartle2000introduction,
	title        = {Introduction to Real Analysis},
	author       = {Bartle, Robert G and Sherbert, Donald R},
	year         = 2000,
	publisher    = {Wiley New York},
	address      = {New York, NY, USA},
	edition      = {third}
}
@book{bishop1995neural,
	title        = {Neural Networks for Pattern Recognition},
	author       = {Bishop, Christopher M and others},
	year         = 1995,
	publisher    = {Oxford university press},
	address      = {Oxford, UK},
	edition      = {first}
}
@book{bishop2006bookPattern,
	title        = {Pattern Recognition and Machine Learning},
	author       = {Bishop, Christopher M.},
	year         = 2006,
	publisher    = {Springer-Verlag},
	address      = {Berlin, Heidelberg},
	edition      = {first}
}
@book{boltzmann1902book1,
	title        = {Le\c{c}ons sur la th\'{e}orie des gaz (premi\`{e}re partie)},
	author       = {Boltzmann, L.},
	year         = 1902,
	publisher    = {Gauthier-Villars},
	address      = {Paris, France},
	edition      = {R\'{e}\'{e}dition {J}acques {G}abay}
}
@book{boltzmann1905book2,
	title        = {Le\c{c}ons sur la th\'{e}orie des gaz (deuxi\`{e}me partie)},
	author       = {Boltzmann, L.},
	year         = 1905,
	publisher    = {Gauthier-Villars},
	address      = {Paris, France},
	edition      = {R\'{e}\'{e}dition {J}acques {G}abay}
}
@book{boucheron2013book,
	title        = {Concentration Inequalities: {A} Non-asymptotic Theory of Independence},
	author       = {St\'{e}phane Boucheron and G\'{a}bor Lugosi and Pascal Massart},
	year         = 2013,
	publisher    = {Oxford University Press},
	address      = {Oxford, UK},
	edition      = {first}
}
@book{boyd2004convex,
	title        = {Convex optimization},
	author       = {Boyd, Stephen and Boyd, Stephen P and Vandenberghe, Lieven},
	year         = 2004,
	publisher    = {Cambridge University Press},
	address      = {Cambridge, UK},
	edition      = {first}
}
@book{catoni2004statistical,
	title        = {Statistical {L}earning {T}heory and {S}tochastic {O}ptimization: {E}cole d'Et{\'e} de Probabilit{\'e}s de Saint-Flour, XXXI-2001},
	author       = {Catoni, Olivier},
	year         = 2004,
	publisher    = {Springer Science \& Business Media},
	address      = {New York, NY, USA},
	volume       = 1851,
	edition      = {first}
}
@book{catoni2007pac,
	title        = {{PAC-B}ayesian {S}upervised {C}lassification: {T}he {T}hermodynamics of {S}tatistical {L}earning},
	author       = {Catoni, Olivier},
	year         = 2007,
	publisher    = {Institute of Mathematical Statistics Lecture Notes - Monograph Series},
	address      = {Beachwood, OH, USA},
	volume       = 56,
	edition      = {first}
}
@book{chatterjee2013regression,
	title        = {Regression Analysis by Example},
	author       = {Chatterjee, Samprit and Hadi, Ali S},
	year         = 2013,
	publisher    = {John Wiley \& Sons},
	address      = {Hoboken, NJ, USA},
	edition      = {fifth}
}
@book{cover2006book,
	title        = {Elements of Information Theory},
	author       = {Cover, Thomas M. and Thomas, Joy A.},
	year         = 2006,
	publisher    = {Wiley-Interscience},
	address      = {Hoboken, NJ},
	edition      = {second}
}
@book{dembo2009large,
	title        = {Large Deviations Techniques and Applications},
	author       = {Dembo, A. and Zeitouni, O.},
	year         = 2009,
	publisher    = {Springer-Verlag},
	address      = {New York, NY, USA},
	edition      = {second}
}
@book{douchet2010Analyse,
	title        = {Analyse : {R}ecueil d'Exercices et Aide-M\'emoire},
	author       = {Jacques Douchet},
	year         = 2010,
	publisher    = {PPUR},
	address      = {Lausanne, Switzerland},
	volume       = 1,
	edition      = {third}
}
@book{durrett2019probability,
	title        = {Probability: {T}heory and Examples},
	author       = {Durrett, Rick},
	year         = 2019,
	publisher    = {Cambridge University Press},
	address      = {Cambrdige, UK},
	edition      = {fifth}
}
@book{engel2001statistical,
	title        = {Statistical mechanics of learning},
	author       = {Engel, Andreas and Van den Broeck, Christian},
	year         = 2001,
	publisher    = {Cambridge University Press},
	address      = {Cambridge, UK},
	edition      = {first}
}
@book{FellerBookII,
	title        = {An Introduction to Probability Theory and Its Applications II},
	author       = {William Feller},
	year         = 1971,
	publisher    = {Jhon Wiley \& Sons},
	address      = {New York, NY, USA},
	edition      = {second}
}
@article{gateaux1913fonctionnelles,
	title		 = {Sur les fonctionnelles continues et les fonctionnelles analytiques},
	author		 = {Gateaux, Ren{\'e}},
	journal		 = {Comptes rendus hebdomadaires des séances de l'{A}cadémie des {S}ciences, Paris},
	volume		 = {157},
	number		 = {325-327},
	pages		 = {65},
	year		 = {1913}
}
@book{gibbs1902bookElementary,
	title        = {Elementary principles in statistical mechanics},
	author       = {Josiah Willard {G}ibbs},
	year         = 1902,
	publisher    = {Yale University Press},
	address      = {New Haven, NJ, USA},
	edition      = {first}
}
@book{hastie2009bookElementsLearning,
	title        = {The Elements of Statistical Learning: {D}ata Mining, and Predicition},
	author       = {Hastie, Trevor and Tibshirani, Robert and Friedman, Jerome},
	year         = 2009,
	publisher    = {Springer},
	address      = {New York, NY, USA},
	edition      = {second}
}
@book{kapur1989bookMaxEntropy,
	title        = {Maximum Entropy Models in Science and Engineering},
	author       = {Jagat Narain Kapur},
	year         = 1989,
	publisher    = {Wiley},
	address      = {New York, NY, USA},
	edition      = {first}
}
@book{kent2020data,
	title        = {Data Construction and Data Analysis for Survey Research},
	author       = {Kent, Raymond},
	year         = 2020,
	publisher    = {Bloomsbury Publishing},
	address      = {London, UK},
	edition      = {third}
}
@book{klenke2020ergodic,
  	title        = {Probability Theory: {A} Comprehensive Course},
  	author       = {Klenke, Achim},
  	year         = {2020},
  	publisher    = {Springer},
	address      = {New York, NY, USA},
	edition      = {third}
}
@book{lee2017global,
	title        = {Global Formulations of {L}agrangian and {H}amiltonian Dynamics on Manifolds},
	author       = {Lee, Taeyoung and Leok, Melvin and McClamroch, N Harris},
	year         = 2017,
	publisher    = {Springer},
	address      = {New York, NY, USA},
	edition      = {first}
}
@book{lehmann2005testing,
	title        = {Testing statistical hypotheses},
	author       = {Lehmann, Erich Leo and Romano, Joseph P and Casella, George},
	year         = 2005,
	publisher    = {Springer},
	address      = {New York, NY, USA},
	edition      = {third}
}
@book{luenberger1997bookOptimization,
	title        = {Optimization by Vector Space Methods},
	author       = {Luenberger, David~G.},
	year         = 1997,
	publisher    = {Wiley},
	address      = {New York, NY, USA},
	edition      = {first}
}
@book{massart2007concentration,
	title        = {Concentration inequalities and model selection},
	author       = {Massart, Pascal},
	year         = 2007,
	publisher    = {Springer},
	address      = {New York, NY, USA},
	edition      = {first}
}
@book{meyers2002encyclopedia,
	title        = {Encyclopedia of physical science and technology},
	author       = {Meyers, Robert A},
	year         = 2002,
	publisher    = {Academic},
	address      = {Tarzana, CA, USA},
	edition      = {thrid}
}
@book{mezard2009information,
	title        = {Information, Physics, and Computation},
	author       = {Mezard, Marc and Montanari, Andrea},
	year         = 2009,
	publisher    = {Oxford University Press},
	address      = {New York, NY, USA},
	edition      = {first}
}
@book{mitchell1980need,
	title        = {The Need for Biases in Learning Generalizations},
	author       = {Mitchell, Tom M},
	year         = 1980,
	publisher    = {Department of Computer Science, Laboratory for Computer Science Research},
	address      = {New Brunswick, NJ, USA},
	edition      = {first}
}
@book{poor2013,
	title        = {An introduction to signal detection and estimation},
	author       = {Poor, H. Vincent},
	year         = 2013,
	publisher    = {Springer Science \& Business Media},
	address      = {New York, NY, USA},
	edition      = {second}
}
@book{robert2004monte,
	title        = {{M}onte {C}arlo statistical methods},
	author       = {Robert, Christian P and Casella, George and Casella, George},
	year         = 2004,
	publisher    = {Springer},
	address      = {New York, NY, USA},
	edition      = {second}
}
@book{robert2007bayesian,
	title        = {The {B}ayesian Choice: {F}rom Decision-theoretic Foundations to Computational Implementation},
	author       = {Robert, Christian P},
	year         = 2007,
	publisher    = {Springer},
	address      = {New York, NY, USA},
	edition      = {first}
}
@book{rockafellar1970conjugate,
	title		 = {Conjugate Convex Functions in Optimal Control and the Calculus of Variations},
	author		 = {Rockafellar, R Tyrrell},
	year		 = {1970},
	publisher	 = {Princeton University Press},
	address      = {Princeton, NJ, USA},
	edition      = {second}
}
@book{rodrigues2021information,
	title        = {Information-theoretic Methods in Data Science},
	author       = {Rodrigues, Miguel RD and Eldar, Yonina C},
	year         = 2021,
	publisher    = {Cambridge University Press},
	address      = {Cambridge, UK},
	edition      = {first}
}
@book{rosenblatt1957perceptron,
	title        = {The perceptron, a perceiving and recognizing automaton Project Para},
	author       = {Rosenblatt, Frank},
	year         = 1957,
	publisher    = {Cornell Aeronautical Laboratory},
	address      = {},
	edition      = {first}
}
@book{royden2010realanalysis,
	title        = {Real Analysis},
	author       = {Rodyen, Halsey Lawrence and Fitzpatrick, Patrick M},
	year         = 2010,
	publisher    = {China Machine Press},
	address      = {Beijing, PRC},
	edition      = {fourth}
}
@book{rudin1953bookPrinciples,
	title        = {Principles of Mathematical Analysis},
	author       = {Walter Rudin},
	year         = 1953,
	publisher    = {McGraw-Hill Book Company, Inc.},
	address      = {New York, NY, USA},
	edition      = {first}
}
@book{rudin1976bookPrinciples,
	title        = {Principles of Mathematical Analysis},
	author       = {Walter Rudin},
	year         = 1976,
	publisher    = {McGraw-Hill Book Company, Inc.},
	address      = {New York, NY, USA},
	edition      = {third}
}
@book{shalev2014understanding,
	title        = {Understanding Machine Learning: {F}rom {T}heory to {A}lgorithms},
	author       = {Shalev-Shwartz, Shai and Ben-David, Shai},
	year         = 2014,
	publisher    = {Cambridge University Press},
	address      = {New York, NY, USA},
	edition      = {first}
}
@book{shannon1949mathematical,
	title        = {The mathematical theory of communication, by CE Shannon (and recent contributions to the mathematical theory of communication), W. Weaver},
	author       = {Shannon, Claude Elwood},
	year         = 1949,
	publisher    = {University of {I}llinois Press},
	address      = {Champaign, IL, USA},
	edition      = {first}
}
@book{stigler1986history,
	title        = {The History of Statistics: {T}he Measurement of Uncertainty before 1900},
	author       = {Stigler, Stephen M},
	year         = 1986,
	publisher    = {Harvard University Press},
	address      = {Cambridge, MA, USA},
	edition      = {first}
}
@book{tao2011intromeasuretheory,
	title        = {An Introduction to Measure Theory},
	author       = {Tao, Terence},
	year         = 2011,
	publisher    = {American Mathematical Society},
	address      = {Providence, RI, USA},
	edition      = {First}
}
@book{trench2003BookIntroRealAnalysis,
	title        = {Introduction to Real Analysis},
	author       = {William F. Trench},
	year         = 2003,
	publisher    = {Prentice Hall/Pearson Education},
	address      = {Hoboken, NJ},
	edition      = {first}
}
@book{vapnik1999nature,
	title        = {The nature of statistical learning theory},
	author       = {Vapnik, Vladimir},
	year         = 1999,
	publisher    = {Springer science \& business media},
	address      = {New York, USA},
	edition      = {first}
}
@book{vershynin2018high,
	title        = {High-dimensional Probability: {A}n Introduction with Applications in Data Science},
	author       = {Vershynin, Roman},
	year         = 2018,
	publisher    = {Cambridge University Press},
	address      = {New York, NY, USA},
	edition      = {first}
}
@book{wainwright2019high,
	title        = {High-dimensional Statistics: {A} Non-asymptotic Viewpoint},
	author       = {Wainwright, Martin J},
	year         = 2019,
	publisher    = {Cambridge University Press},
	address      = {New York, NY, USA},
	edition      = {first}
}
@inbook{Konstantopoulos2011RadNik,
	title        = {Radon--Nikod{\'y}m Theorem},
	author       = {Konstantopoulos, Takis and Zerakidze, Zurab and Sokhadze, Grigol},
	year         = {2011},
	publisher    = {Springer Berlin Heidelberg},
	address      = {Berlin, Heidelberg},
	booktitle    = {International Encyclopedia of Statistical Science},
	pages        = {1161--1164}
}
@incollection{grandvalet2006entropy,
	title        = {Entropy Regularization},
	author       = {Grandvalet, Yves and Bengio, Yoshua},
	year         = 2006,
	month        = {Sep.},
	booktitle    = {Semi-Supervised Learning},
	pages        = {151–168},
	chapter      = 9
}
@incollection{williams1998prediction,
	title        = {Prediction with {G}aussian processes: {F}rom linear regression to linear prediction and beyond},
	author       = {Williams, Christopher KI},
	year         = 1998,
	month        = {Sep.},
	booktitle    = {Learning in graphical models},
	publisher    = {Springer},
	pages        = {599--621},
	chapter      = 9
}
@inproceedings{alabdulmohsin2017information,
	title        = {An information-theoretic route from generalization in expectation to generalization in probability},
	author       = {Alabdulmohsin, Ibrahim},
	year         = 2017,
	month        = {Apr.},
	booktitle    = {Proceedings of the 20th International Conference on Artificial Intelligence and Statistics (AISTATS)},
	address      = {Ft. Lauderdale, FL, USA},
	pages        = {92--100}
}
@inproceedings{aminian2021jensen,
	title        = {{J}ensen-{S}hannon information based characterization of the generalization error of learning algorithms},
	author       = {Aminian, Gholamali and Toni, Laura and Rodrigues, Miguel RD},
	year         = 2021,
	month        = {Oct.},
	booktitle    = {Proceedings of the IEEE Information Theory Workshop (ITW)},
	address      = {Kanazawa, Japan},
	pages        = {1--5}
}
@inproceedings{aminian2022tighter,
	title        = {Tighter expected generalization error bounds via convexity of information measures},
	author       = {Aminian, Gholamali and Bu, Yuheng and Wornell, Gregory W and Rodrigues, Miguel RD},
	year         = 2022,
	month        = {Jun.},
	booktitle    = {Proceedings of the IEEE International Symposium on Information Theory (ISIT)},
	address      = {Aalto, Finland},
	pages        = {2481--2486}
}
@inproceedings{biggio2013evasion,
	title        = {Evasion attacks against machine learning at test time},
	author       = {Biggio, Battista and Corona, Igino and Maiorca, Davide and Nelson, Blaine and {\v{S}}rndi{\'c}, Nedim and Laskov, Pavel and Giacinto, Giorgio and Roli, Fabio},
	year         = 2013,
	month        = {Sep.},
	booktitle    = {Joint European conference on machine learning and knowledge discovery in databases},
	address      = {Prague, Czech Republic},
	pages        = {387--402},
	organization = {Springer}
}
@inproceedings{boser1992training,
	title        = {A training algorithm for optimal margin classifiers},
	author       = {Boser, Bernhard E and Guyon, Isabelle M and Vapnik, Vladimir N},
	year         = 1992,
	month        = {Jul.},
	booktitle    = {Proceedings of the fifth annual workshop on Computational Learning Theory (COLT)},
	address      = {Pittsburgh, PA, USA},
	pages        = {144--152}
}
@inproceedings{corless1997sequence,
	title        = {A sequence of series for the {L}ambert $W$ function},
	author       = {Corless, Robert M and Jeffrey, David J and Knuth, Donald E},
	year         = 1997,
	month        = {Jul.},
	booktitle    = {Proceedings of the International Symposium on Symbolic and Algebraic Computation},
	address      = {Maui, HI, USA},
	pages        = {197--204}
}
@inproceedings{csiszar1996maxent,
	title        = {Maxent, mathematics, and information theory},
	author       = {Csisz{\'a}r, Imre},
	year         = 1996,
	month        = {Jul.},
	booktitle    = {Proceedings of the International Workshop on Maximum Entropy and Bayesian Methods},
	address      = {Santa Fe, NM, USA},
	pages        = {35--50}
}
@inproceedings{deng2009regularized,
	title        = {Regularized extreme learning machine},
	author       = {Deng, Wanyu and Zheng, Qinghua and Chen, Lin},
	year         = 2009,
	month        = {Apr.},
	booktitle    = {Proceedings of the IEEE Symposium on Computational Intelligence in Data Mining (CIDM)},
	address      = {Nashville, TN, USA},
	pages        = {389--395}
}
@inproceedings{dalal2005histograms,
	title        = {Histograms of oriented gradients for human detection},
	author       = {Dalal, Navneet and Triggs, Bill},
	year         = 2005,
	month        = {Apr.},
	booktitle    = {Proceedings of the IEEE Computer Society Conference on Computer Vision and Pattern Recognition (CVPR)},
	address      = {San Diego, CA, USA},
	pages        = {886--893},
	url          = {https://doi.org/10.1109/CVPR.2005.177}
}
@inproceedings{esposito2022GenfDiv,
	title        = {From Generalisation Error to Transportation-cost Inequalities and Back},
	author       = {Esposito, Amedeo Roberto and Gastpar, Michael},
	year         = 2022,
	month        = {Jun.},
	booktitle    = {Proceedings of the IEEE International Symposium on Information Theory (ISIT)},
	address      = {Aalto, Finland},
	pages        = {294--299}
}
@inproceedings{fredrikson2014privacy,
	title        = {Privacy in pharmacogenetics: {A}n end-to-end case study of personalized warfarin dosing},
	author       = {Fredrikson, Matthew and Lantz, Eric and Jha, Somesh and Lin, Simon and Page, David and Ristenpart, Thomas},
	year         = 2014,
	month        = {Aug.},
	booktitle    = {Proceedings of the 23rd USENIX Security Symposium (USENIX Security 14)},
	address      = {San Diego, CA, USA},
	pages        = {17--32}
}
@inproceedings{fredrikson2015model,
	title        = {Model inversion attacks that exploit confidence information and basic countermeasures},
	author       = {Fredrikson, Matt and Jha, Somesh and Ristenpart, Thomas},
	year         = 2015,
	month        = {Nov.},
	booktitle    = {Proceedings of the 22nd ACM SIGSAC conference on computer and communications security},
	address      = {Los Angeles, CA, USA},
	pages        = {1322--1333}
}
@inproceedings{gordaliza2019obtaining,
	title        = {Obtaining fairness using optimal transport theory},
	author       = {Gordaliza, Paula and Del Barrio, Eustasio and Fabrice, Gamboa and Loubes, Jean-Michel},
	year         = 2019,
	month        = {May},
	booktitle    = {Proceedings of the International Conference on Machine Learning (ICML)},
	address      = {Long Beach, CA, USA},
	pages        = {2357--2365}
}
@inproceedings{goshtasbpour2023adaptive,
	title        = {Adaptive annealed importance sampling with constant rate progress},
	author       = {Goshtasbpour, Shirin and Cohen, Victor and Perez-Cruz, Fernando},
	year         = 2023,
	month        = {May},
	booktitle    = {Proceedings of the International Conference on Machine Learning (ICML)},
	address      = {Honolulu, HI, USA},
	pages        = {11642--11658}
}
@inproceedings{guedj2019primer,
	title        = {A Primer on {PAC-B}ayesian Learning},
	author       = {Guedj, Benjamin},
	year         = 2019,
	month        = {May},
	booktitle    = {Proceedings of the International Conference on Machine Learning (ICML)},
	address      = {Long Beach, CA, USA},
	pages        = {2931-–2940}
}
@inproceedings{issa2019strengthened,
	title        = {Strengthened information-theoretic bounds on the generalization error},
	author       = {Issa, Ibrahim and Esposito, Amedeo Roberto and Gastpar, Michael},
	year         = 2019,
	month        = {Jul.},
	booktitle    = {Proceedings of the IEEE International Symposium on Information Theory (ISIT)},
	address      = {Paris, France},
	pages        = {582--586}
}
@inproceedings{jagielski2018manipulating,
	title        = {Manipulating machine learning: {P}oisoning attacks and countermeasures for regression learning},
	author       = {Jagielski, Matthew and Oprea, Alina and Biggio, Battista and Liu, Chang and Nita-Rotaru, Cristina and Li, Bo},
	year         = 2018,
	month        = {May},
	booktitle    = {IEEE Symposium on Security and Privacy (SP)},
	address      = {London, UK},
	pages        = {19--35}
}
@inproceedings{jiao2017dependence,
	title        = {Dependence measures bounding the exploration bias for general measurements},
	author       = {Jiao, Jiantao and Han, Yanjun and Weissman, Tsachy},
	year         = 2017,
	month        = {Jun.},
	booktitle    = {Proceedings of the IEEE International Symposium on Information Theory (ISIT)},
	address      = {Aachen, Germany},
	pages        = {1475--1479}
}
@inproceedings{kalman1960general,
	title        = {On the general theory of control systems},
	author       = {Kalman, Rudolf E},
	year         = 1960,
	month        = {Jun.},
	booktitle    = {Proceedings of the First International Conference on Automatic Control},
	address      = {Moscow, USSR},
	pages        = {481--492}
}
@inproceedings{kolouri2016sliced,
	title        = {Sliced {W}asserstein kernels for probability distributions},
	author       = {Kolouri, Soheil and Zou, Yang and Rohde, Gustavo K},
	year         = 2016,
	month        = {Jun.},
	booktitle    = {Proceedings of the IEEE Conference on Computer Vision and Pattern Recognition},
	address      = {Las Vegas, NV, USA},
	pages        = {5258--5267}
}
@inproceedings{kurri2021realizing,
	title        = {Realizing {GAN}s via a tunable loss function},
	author       = {Kurri, Gowtham R and Sypherd, Tyler and Sankar, Lalitha},
	year         = 2021,
	booktitle    = {Proceedings of the IEEE Information Theory Workshop (ITW)},
	address      = {virtual conference},
	pages        = {1--6}
}
@inproceedings{kuzborskij2019distribution,
	title        = {Distribution-dependent analysis of {G}ibbs-ERM principle},
	author       = {Kuzborskij, Ilja and Cesa-Bianchi, Nicol{\`o} and Szepesv{\'a}ri, Csaba},
	year         = 2019,
	month        = {Jun.},
	booktitle    = {Proceedings of the Conference on Learning Theory (COLT)},
	address      = {Phoenix, AZ, USA},
	pages        = {2028--2054}
}
@inproceedings{liao2018tunable,
	title        = {A tunable measure for information leakage},
	author       = {Liao, Jiachun and Kosut, Oliver and Sankar, Lalitha and Calmon, Flavio P},
	year         = 2018,
	month        = {Jun.},
	booktitle    = {Proceedings of the IEEE International Symposium on Information Theory (ISIT)},
	address      = {Vail, CO, USA},
	pages        = {701--705}
}
@inproceedings{lopez2018generalization,
	title        = {Generalization error bounds using {W}asserstein distances},
	author       = {Lopez, Adrian Tovar and Jog, Varun},
	year         = 2018,
	month        = {Nov.},
	booktitle    = {Proceedings of the IEEE Information Theory Workshop (ITW)},
	address      = {Guangzhou, China},
	pages        = {1--5}
}
@inproceedings{mcallester1998pacBayesian,
	title        = {Some {PAC-Bayesian} Theorems},
	author       = {McAllester, David A.},
	year         = 1998,
	month        = {Jul.},
	booktitle    = {Proceedings of the 11th Annual Conference on Computational Learning Theory (COLT)},
	address      = {Madison, WI, USA},
	pages        = {230--234}
}
@inproceedings{McAllesterCOLT1998,
	title        = {Some {PAC-Bayesian} Theorems},
	author       = {McAllester, David A.},
	year         = 1998,
	month        = {Jul.},
	booktitle    = {Proceedings of the 11th Annual Conference on Computational Learning Theory (COLT)},
	address      = {Madison, WI, USA},
	pages        = {230--234}
}
@inproceedings{mcmahan2017communication,
	title        = {Communication-efficient learning of deep networks from decentralized data},
	author       = {McMahan, Brendan and Moore, Eider and Ramage, Daniel and Hampson, Seth and Ag{\"u}era y Arcas, Blaise},
	year         = 2017,
	month        = {Apr.},
	booktitle    = {Proceedings of the 20th International Conference on Artificial Intelligence and Statistics (AISTATS)},
	address      = {Fort Lauderdale, FL, USA},
	pages        = {1273--1282}
}
@inproceedings{Perlaza-ISIT-2022,
	title        = {Empirical Risk Minimization with Relative Entropy Regularization: {O}ptimality and Sensitivity},
	author       = {Perlaza, Samir M. and Bisson, Gaetan and Esnaola, I{\~n}aki and Jean-Marie, Alain and Rini, Stefano},
	year         = 2022,
	month        = {Jul.},
	booktitle    = {Proceedings of the IEEE International Symposium on Information Theory (ISIT)},
	address      = {Espoo, Finland},
	pages        = {684--689},
	url          = {https://doi.org/10.1109/ISIT50566.2022.9834273}
}
@inproceedings{Perlaza-ISIT2023a,
	title        = {Analysis of the Relative Entropy Asymmetry in the Regularization of Empirical Risk Minimization},
	author       = {Francisco Daunas and {I\~{n}aki} Esnaola and Samir M. Perlaza and H. Vincent Poor},
	year         = 2023,
	month        = {Jun.},
	booktitle    = {Proceedings of the IEEE International Symposium on Information Theory (ISIT)},
	address      = {Taipei, Taiwan},
	pages        = {},
	url          = {https://doi.org/10.1109/ISIT54713.2023.10206876}
}
@inproceedings{Perlaza-ISIT2023b,
	title        = {On the Validation of {G}ibbs Algorithms: {T}raining Datasets, Test Datasets and their Aggregation},
	author       = {Samir M. Perlaza and IÃ±aki Esnaola and Gaetan Bisson and H. Vincent Poor},
	year         = 2023,
	month        = {Jun.},
	booktitle    = {Proceedings of the IEEE International Symposium on Information Theory (ISIT)},
	address      = {Taipei, Taiwan},
	pages        = {}
}
@inproceedings{pmlr-v83-cheng18a,
	title        = {Convergence of {L}angevin {MCMC} in {KL}-divergence},
	author       = {Cheng, Xiang and Bartlett, Peter},
	year         = 2018,
	month        = {Apr.},
	booktitle    = {Proceedings of Algorithmic Learning Theory (ALT)},
	address      = {Lanzarote, Spain},
	volume       = 83,
	pages        = {186--211}
}
@inproceedings{raginsky2016information,
	title        = {Information-theoretic analysis of stability and bias of learning algorithms},
	author       = {Raginsky, Maxim and Rakhlin, Alexander and Tsao, Matthew and Wu, Yihong and Xu, Aolin},
	year         = 2016,
	month        = {Sep.},
	booktitle    = {Proceedings of the IEEE Information Theory Workshop (ITW)},
	address      = {Cambridge, UK},
	pages        = {26--30}
}
@inproceedings{raginsky2017non,
	title        = {Non-convex learning via stochastic gradient langevin dynamics: a nonasymptotic analysis},
	author       = {Raginsky, Maxim and Rakhlin, Alexander and Telgarsky, Matus},
	year         = 2017,
	month        = {Jun.},
	booktitle    = {Proceedings of the Conference on Learning Theory (COLT)},
	address      = {Amsterdam, Netherlands},
	pages        = {1674--1703}
}
@inproceedings{raina2007self,
	title        = {Self-taught learning: transfer learning from unlabeled data},
	author       = {Raina, Rajat and Battle, Alexis and Lee, Honglak and Packer, Benjamin and Ng, Andrew Y},
	year         = 2007,
	month        = {Jun.},
	booktitle    = {Proceedings of the 24th international conference on Machine learning},
	address      = {Corvalis, OR, USA},
	pages        = {759--766}
}
@inproceedings{reid2015generalized,
	title        = {Generalized mixability via entropic duality},
	author       = {Reid, Mark D and Frongillo, Rafael M and Williamson, Robert C and Mehta, Nishant},
	year         = 2015,
	month        = {Jul.},
	booktitle    = {Proceedings of the Conference on Learning Theory (COLT)},
	address      = {Paris, France},
	pages        = {1501--1522}
}
@inproceedings{renyi1961measures,
	title        = {On measures of information and entropy},
	author       = {R{\'e}nyi, Alfr{\'e}d and others},
	year         = 1961,
	month        = {Jun.},
	booktitle    = {Proceedings of the 4th Berkeley Symposium on Mathematics, Statistics and Probability},
	address      = {Berkeley, CA, USA},
	pages        = {547--561}
}
@inproceedings{shawe1997pac,
	title        = {A {PAC} analysis of a {B}ayesian estimator},
	author       = {Shawe-Taylor, John and Williamson, Robert C},
	year         = 1997,
	month        = {Jul.},
	booktitle    = {Proceedings of the 10th Annual Conference on Computational Learning Theory (COLT)},
	address      = {Nashville, TN, USA},
	pages        = {2--9}
}
@inproceedings{shokri2017membership,
	title        = {Membership inference attacks against machine learning models},
	author       = {Shokri, Reza and Stronati, Marco and Song, Congzheng and Shmatikov, Vitaly},
	year         = 2017,
	month        = {May},
	booktitle    = {IEEE Symposium on Security and Privacy},
	address      = {San Jose, CA, USA},
	pages        = {3--18}
}
@inproceedings{steinke2020reasoning,
	title        = {Reasoning about generalization via conditional mutual information},
	author       = {Steinke, Thomas and Zakynthinou, Lydia},
	year         = 2020,
	month        = {Jul.},
	booktitle    = {Proceedings of the Conference on Learning Theory (COLT)},
	address      = {virtual conference},
	pages        = {3437--3452}
}
@inproceedings{sypherd2019tunable,
	title        = {A tunable loss function for binary classification},
	author       = {Sypherd, Tyler and Diaz, Mario and Sankar, Lalitha and Kairouz, Peter},
	year         = 2019,
	month        = {Jul.},
	booktitle    = {Proceedings of the IEEE international symposium on information theory (ISIT)},
	address      = {Paris, France},
	pages        = {2479--2483}
}
@inproceedings{tramer2016stealing,
	title        = {Stealing machine learning models via prediction apis},
	author       = {Tram{\`e}r, Florian and Zhang, Fan and Juels, Ari and Reiter, Michael K and Ristenpart, Thomas},
	year         = 2016,
	month        = {Aug.},
	booktitle    = {25th USENIX Security Symposium (USENIX Security 16)},
	address      = {Vancouver, Canada},
	pages        = {601--618}
}
@inproceedings{wang2004enhancing,
	title        = {Enhancing generalization capability of {SVM} classifiers with feature weight adjustment},
	author       = {Wang, Xizhao and He, Qiang},
	year         = 2004,
	month        = {Sep.},
	booktitle    = {Proceedings of the Knowledge-Based Intelligent Information and Engineering Systems: 8th International Conference (KES)},
	address      = {Wellington, New Zealand},
	pages        = {1037--1043}
}
@inproceedings{wang2019information,
	title        = {An information-theoretic view of generalization via {W}asserstein distance},
	author       = {Wang, Hao and Diaz, Mario and Santos Filho, Jos{\'e} C{\^a}ndido S and Calmon, Flavio P},
	year         = 2019,
	month        = {Jul.},
	booktitle    = {Proceedings of the IEEE International Symposium on Information Theory (ISIT)},
	address      = {Paris, France},
	pages        = {577--581}
}
@inproceedings{xiao2015feature,
	title        = {Is feature selection secure against training data poisoning?},
	author       = {Xiao, Huang and Biggio, Battista and Brown, Gavin and Fumera, Giorgio and Eckert, Claudia and Roli, Fabio},
	year         = 2015,
	month        = {Jul.},
	booktitle    = {Proceedings of the International Conference on Machine Learning (ICML)},
	address      = {Lille, France},
	pages        = {1689--1698}
}
@inproceedings{zhang2017hitting,
	title        = {A hitting time analysis of stochastic gradient {L}angevin dynamics},
	author       = {Zhang, Yuchen and Liang, Percy and Charikar, Moses},
	year         = 2017,
	month        = {Jun.},
	booktitle    = {Conference on Learning Theory},
	address      = {Amsterdam, Netherlands},
	pages        = {1980--2022}
}
@inproceedings{zou2024generalization,
	title		 = {Generalization Analysis of Machine Learning Algorithms via the Worst-Case Data-Generating Probability Measure},
	author		 = {Zou, Xinying and Perlaza, Samir M and Esnaola, I{\~n}aki and Altman, Eitan},
	year         = 2024,
	month        = {Feb.},
	booktitle    = {Proceedings of the AAAI Conference on Artificial Intelligence},
	address      = {Vancouver, Canada},
	pages        = {17271--17279},
	url          = {https://doi.org/10.1609/aaai.v38i15.29674}
}
@techreport{InriaRR9454,
	title        = {Empirical Risk Minimization with Relative Entropy Regularizations},
	author       = {Perlaza, Samir M. and Bisson, Gaetan and Esnaola, I{\~n}aki and Jean-Marie, Alain and Rini, Stefano},
	year         = 2022,
	month        = {Feb.},
	address      = {Sophia Antipolis, France},
	number       = {RR-9454},
	institution  = {INRIA, Centre Inria d'Universit\'e C\^ote d'Azur},
	url          = {https://hal.science/hal-03560072v7}
}
@techreport{InriaRR9474,
	title        = {Sensitivity of the {G}ibbs Algorithm to Data Aggregation in Supervised Machine Learning},
	author       = {Perlaza, Samir M. and Esnaola, I{\~n}aki and Bisson, Gaetan and Poor, H. Vincent},
	year         = 2022,
	month        = {Jun.},
	address      = {Sophia Antipolis, France},
	number       = {RR-9474},
	institution  = {INRIA, Centre Inria d'Universit\'e C\^ote d'Azur},
	url          = {https://hal.science/hal-03703628v3}
}
@techreport{InriaRR9508,
	title        = {Empirical Risk Minimization with Relative Entropy Regularization {T}ype-{II}},
	author       = {Daunas, Francisco and Esnaola, Iñaki and Perlaza, Samir M. and Poor, H. Vincent},
	year         = 2023,
	month        = {May.},
	address      = {Sophia Antipolis, France},
	number       = {RR-9508},
	institution  = {INRIA, Centre Inria d'Université Côte d'Azur},
	url          = {https://hal.science/hal-04110899v2}
}
@techreport{InriaRR9515,
	title        = {The Worst-Case Data-Generating Probability Measure},
	author       = {Zou, Xinying and Perlaza, Samir M. and Esnaola, Iñaki and Altman, Eitan},
	year         = 2023,
	month        = {Aug.},
	address      = {Sophia Antipolis, France},
	number       = {RR-9515},
	institution  = {INRIA, Centre Inria d'Université Côte d'Azur},
	url			 = {https://inria.hal.science/hal-04181971v2}
}
@techreport{InriaRR9539,
	title        = {An exact characterization of the generalization error of machine learning algorithms},
	author       = {Zou, Xinying and Perlaza, Samir M and Esnaola, I{\~n}aki and Altman, Eitan and Poor, H Vincent},
	year         = 2024,
	month        = {Jan.},
	address      = {Sophia Antipolis, France},
	number       = {RR-9539},
	institution  = {INRIA, Centre Inria d'Université Côte d'Azur},
	url			 = {https://inria.hal.science/hal-04442566}
}
@article{zou2024WorstCase,
	title		 = {The Worst-Case Data-Generating Probability Measure in Statistical Learning},
	author={Zou, Xinying and Perlaza, Samir M. and Esnaola, Iñaki and Altman, Eitan and Poor, H. Vincent},
	journal 		 = {IEEE Journal on Selected Areas in Information Theory},
	year	 		 = {2024},
	month        = {Apr.},
	volume		 = {5},
	number		 = {1},
	pages        = {175 - 189},
	url			 = {https://doi.org/10.1109/JSAIT.2024.3383281}
}
@article{Wu2024OnGeneralization,
	title        = {On the Generalization for Transfer Learning: An Information-Theoretic Analysis},
	author       = {Wu, Xuetong and Manton, Jonathan H. and Aickelin, Uwe and Zhu, Jingge},
	year         = {2024},
	month        = {early access, Aug. 14,},
	journal      = {Submitted to IEEE Transactions on Information Theory},
	volume       = {},
	number       = {},
	pages        = {1-1},
	url			 = {https://doi.org/10.1109/JSAIT.2024.3383281}
}
@article{perlaza2024ERMRER,
  	title        = {Empirical Risk Minimization with Relative Entropy Regularization},
	author       = {Perlaza, Samir M. and Bisson, Gaetan and Esnaola, Iñaki and Jean-Marie, Alain and Rini, Stefano},
	year         = {2024},
	month        = {Jul.},
	journal      = {IEEE Transactions on Information Theory},
	volume       = {70},
	number       = {7},
	pages        = {5122 - 5161},
	url          = {https://doi.org/10.1109/TIT.2024.3365728}
}
@techreport{InriaRR9521,
	title        = {Empirical Risk Minimization with $f$-Divergence Regularization in Statistical Learning},
	author       = {Daunas, Francisco and Esnaola, Iñaki and Perlaza, Samir M. and Poor, H. Vincent},
	year         = 2023,
	month        = {Oct.},
	address      = {Sophia Antipolis, France},
	number       = {RR-9521},
	institution  = {INRIA, Centre Inria d'Université Côte d'Azur}
}
@techreport{INRIATechReport,
	title        = {Empirical Risk Minimization with Relative Entropy Regularization},
	author       = {Anonymous, Authors},
	year         = {2022. See supplementary material for review},
	month        = {Jan.},
	institution  = {Anonymous Institution}
}
@techreport{mukherjee2003statistical,
	title        = {Statistical learning: Well-posedness is necessary and sufficient for consistency of empirical risk minimization},
	author       = {Mukherjee, Sayan and Niyogi, Partha and Poggio, Tomaso and Rifkin, R},
	year         = 2003,
	month        = {Jul.},
	address      = {Cambridge, MA, USA},
	number       = {Technical Report 223, CBCL,},
	institution  = {Massachusetts Institute of Technology}
}
@techreport{widrow1960adaptive,
	title        = {Adaptive switching circuits},
	author       = {Widrow, Bernard and Hoff, Marcian E},
	year         = 1960,
	month        = {Jun.},
	address      = {Stanford, CA, USA},
	number       = {AD241531},
	institution  = {Stanford Univ Ca Stanford Electronics Labs}
}
@phdthesis{borjas2024thesis,
  title        = {An Information-Theoretic Approach to Generalization Theory},
  author       = {Rodr{\'\i}guez G{\'a}lvez, Borja},
  year         = {2024},
  month        = {Jun.},
  address      = {Example City, CA},
  note         = {Available at \url{https://example.com/thesis.pdf}},
  school       = {KTH Royal Institute of Technology},
  type         = {PhD thesis}
}
